time,bid_price,ask_price,bid_size,ask_size,seq_num
2021-08-03 01:00:01.107502 UTC,228.2,230.2,300,300,1627942268920653174
2021-08-03 01:00:01.326608 UTC,228.4,230.2,300,300,1627942268920653175
2021-08-03 01:00:03.223330 UTC,229.13,230.2,1000,300,1627942268920653176
2021-08-03 01:00:03.225576 UTC,229.13,229.35,1000,1000,1627942268920653177
2021-08-03 01:00:03.328410 UTC,229.0,229.35,300,1000,1627942268920653182
2021-08-03 01:00:03.328426 UTC,229.14,229.35,1000,1000,1627942268920653183
2021-08-03 01:00:03.508721 UTC,229.0,229.35,300,1000,1627942268920653184
2021-08-03 01:00:03.508737 UTC,229.15,229.35,1000,1000,1627942268920653185
2021-08-03 01:00:03.588203 UTC,229.15,229.4,1000,300,1627942268920653186
2021-08-03 01:00:03.588224 UTC,229.15,229.34,1000,1000,1627942268920653187
2021-08-03 01:00:03.851856 UTC,229.15,229.4,1000,300,1627942268920653188
2021-08-03 01:00:03.851881 UTC,229.15,229.35,1000,1000,1627942268920653189
2021-08-03 01:00:03.852423 UTC,229.15,229.4,1000,300,1627942268920653190
2021-08-03 01:00:03.852444 UTC,229.15,229.34,1000,1000,1627942268920653191
2021-08-03 01:00:04.038695 UTC,229.0,229.34,300,1000,1627942268920653192
2021-08-03 01:00:04.038712 UTC,229.16,229.34,1000,1000,1627942268920653193
2021-08-03 01:00:04.039276 UTC,229.16,229.4,1000,300,1627942268920653194
2021-08-03 01:00:04.039293 UTC,229.16,229.35,1000,1000,1627942268920653195
2021-08-03 01:00:04.039797 UTC,229.16,229.4,1000,300,1627942268920653196
2021-08-03 01:00:04.039815 UTC,229.16,229.34,1000,1000,1627942268920653197
2021-08-03 01:00:04.138119 UTC,229.16,229.4,1000,300,1627942268920653198
2021-08-03 01:00:04.138158 UTC,229.16,229.35,1000,1000,1627942268920653199
2021-08-03 01:00:04.172746 UTC,229.0,229.35,300,1000,1627942268920653200
2021-08-03 01:00:04.172765 UTC,229.17,229.35,1000,1000,1627942268920653201
2021-08-03 01:00:04.184976 UTC,229.17,229.4,1000,300,1627942268920653202
2021-08-03 01:00:04.184994 UTC,229.17,229.36,1000,1000,1627942268920653203
2021-08-03 01:00:04.333981 UTC,229.0,229.36,300,1000,1627942268920653204
2021-08-03 01:00:04.334000 UTC,229.18,229.36,1000,1000,1627942268920653205
2021-08-03 01:00:04.495865 UTC,229.18,229.4,1000,300,1627942268920653206
2021-08-03 01:00:04.495884 UTC,229.18,229.37,1000,1000,1627942268920653207
2021-08-03 01:00:04.496122 UTC,229.0,229.37,300,1000,1627942268920653208
2021-08-03 01:00:04.496141 UTC,229.19,229.37,1000,1000,1627942268920653209
2021-08-03 01:00:04.497465 UTC,229.19,229.4,1000,300,1627942268920653210
2021-08-03 01:00:04.497483 UTC,229.19,229.38,1000,1000,1627942268920653211
2021-08-03 01:00:04.509742 UTC,229.19,229.4,1000,300,1627942268920653212
2021-08-03 01:00:04.509759 UTC,229.19,229.37,1000,1000,1627942268920653213
2021-08-03 01:00:04.553285 UTC,229.0,229.37,300,1000,1627942268920653214
2021-08-03 01:00:04.553312 UTC,229.18,229.37,1000,1000,1627942268920653215
2021-08-03 01:00:04.554654 UTC,229.18,229.4,1000,300,1627942268920653216
2021-08-03 01:00:04.554691 UTC,229.18,229.36,1000,1000,1627942268920653217
2021-08-03 01:00:04.558666 UTC,229.18,229.4,1000,300,1627942268920653218
2021-08-03 01:00:04.558706 UTC,229.18,229.37,1000,1000,1627942268920653219
2021-08-03 01:00:04.654120 UTC,229.2,229.37,45,1000,1627942268920653220
2021-08-03 01:00:04.656328 UTC,229.2,229.37,1045,1000,1627942268920653224
2021-08-03 01:00:04.656837 UTC,229.2,229.37,45,1000,1627942268920653225
2021-08-03 01:00:04.732103 UTC,229.2,229.37,1045,1000,1627942268920653232
2021-08-03 01:00:04.743046 UTC,229.2,229.37,45,1000,1627942268920653233
2021-08-03 01:00:04.749235 UTC,229.2,229.37,1045,1000,1627942268920653236
2021-08-03 01:00:04.761058 UTC,229.2,229.4,1045,300,1627942268920653237
2021-08-03 01:00:04.761077 UTC,229.2,229.38,1045,1000,1627942268920653238
2021-08-03 01:00:04.827802 UTC,229.2,229.4,1045,300,1627942268920653239
2021-08-03 01:00:04.828152 UTC,229.2,229.4,45,300,1627942268920653240
2021-08-03 01:00:06.115762 UTC,229.2,229.4,300,300,1627942268920653241
2021-08-03 01:00:06.461529 UTC,229.23,229.4,1000,300,1627942268920653242
2021-08-03 01:00:06.492780 UTC,229.2,229.4,300,300,1627942268920653244
2021-08-03 01:00:06.492799 UTC,229.25,229.4,1000,300,1627942268920653245
2021-08-03 01:00:07.001499 UTC,229.2,229.4,300,300,1627942268920653264
2021-08-03 01:00:07.001517 UTC,229.24,229.4,1000,300,1627942268920653265
2021-08-03 01:00:07.002278 UTC,229.24,229.4,1000,1300,1627942268920653267
2021-08-03 01:00:07.002728 UTC,229.24,229.4,1000,300,1627942268920653269
2021-08-03 01:00:07.026437 UTC,229.24,229.4,1000,1300,1627942268920653278
2021-08-03 01:00:07.026896 UTC,229.24,229.4,1000,300,1627942268920653279
2021-08-03 01:00:07.153606 UTC,229.2,229.4,45,300,1627942268920653287
2021-08-03 01:00:07.153622 UTC,229.23,229.4,1000,300,1627942268920653288
2021-08-03 01:00:07.155374 UTC,229.2,229.4,45,300,1627942268920653290
2021-08-03 01:00:07.408390 UTC,229.2,229.4,300,300,1627942268920653291
2021-08-03 01:00:08.326244 UTC,229.2,230.2,300,300,1627942268920653292
2021-08-03 01:00:09.006601 UTC,229.2,230.2,45,300,1627942268920653293
2021-08-03 01:00:09.134199 UTC,229.23,230.2,1000,300,1627942268920653294
2021-08-03 01:00:09.135911 UTC,229.23,229.44,1000,1000,1627942268920653295
2021-08-03 01:00:09.170770 UTC,229.23,230.2,1000,300,1627942268920653296
2021-08-03 01:00:09.170816 UTC,229.23,229.43,1000,1000,1627942268920653297
2021-08-03 01:00:09.224382 UTC,229.2,229.43,45,1000,1627942268920653298
2021-08-03 01:00:09.224398 UTC,229.24,229.43,1000,1000,1627942268920653299
2021-08-03 01:00:09.271219 UTC,229.24,229.4,1000,300,1627942268920653300
2021-08-03 01:00:09.326555 UTC,229.24,229.4,1000,1300,1627942268920653305
2021-08-03 01:00:09.342921 UTC,229.2,229.4,300,1300,1627942268920653306
2021-08-03 01:00:09.342939 UTC,229.23,229.4,1000,1300,1627942268920653307
2021-08-03 01:00:09.457902 UTC,229.2,229.4,300,1300,1627942268920653308
2021-08-03 01:00:09.457920 UTC,229.22,229.4,1000,1300,1627942268920653309
2021-08-03 01:00:09.459335 UTC,229.22,229.4,1000,300,1627942268920653311
2021-08-03 01:00:09.494796 UTC,229.22,229.4,1000,1300,1627942268920653314
2021-08-03 01:00:09.586702 UTC,229.22,229.4,1000,300,1627942268920653315
2021-08-03 01:00:09.586924 UTC,229.2,229.4,45,300,1627942268920653317
2021-08-03 01:00:09.586945 UTC,229.23,229.4,1000,300,1627942268920653318
2021-08-03 01:00:10.609431 UTC,229.23,229.4,1000,1300,1627942268920653321
2021-08-03 01:00:10.610802 UTC,229.23,229.4,1000,300,1627942268920653323
2021-08-03 01:00:10.939927 UTC,229.23,229.4,1000,1300,1627942268920653326
2021-08-03 01:00:10.996659 UTC,229.23,229.4,1000,300,1627942268920653327
2021-08-03 01:00:11.001995 UTC,229.23,229.4,1000,1300,1627942268920653332
2021-08-03 01:00:11.092753 UTC,229.23,229.4,1000,300,1627942268920653333
2021-08-03 01:00:11.211024 UTC,229.23,229.4,1000,1300,1627942268920653336
2021-08-03 01:00:11.212017 UTC,229.23,229.4,1000,300,1627942268920653337
2021-08-03 01:00:11.365102 UTC,229.23,229.4,1000,1300,1627942268920653342
2021-08-03 01:00:11.366278 UTC,229.23,229.4,1000,300,1627942268920653343
2021-08-03 01:00:11.593146 UTC,229.23,229.4,1000,1300,1627942268920653350
2021-08-03 01:00:11.724659 UTC,229.2,229.4,300,1300,1627942268920653352
2021-08-03 01:00:11.724679 UTC,229.22,229.4,1000,1300,1627942268920653353
2021-08-03 01:00:11.731509 UTC,229.22,229.4,1000,300,1627942268920653355
2021-08-03 01:00:11.745176 UTC,229.22,229.4,1000,1300,1627942268920653358
2021-08-03 01:00:11.747793 UTC,229.22,229.4,1000,300,1627942268920653359
2021-08-03 01:00:11.802031 UTC,229.2,229.4,45,300,1627942268920653363
2021-08-03 01:00:11.802066 UTC,229.23,229.4,1000,300,1627942268920653364
2021-08-03 01:00:11.803242 UTC,229.23,229.4,1000,1300,1627942268920653370
2021-08-03 01:00:11.828234 UTC,229.23,229.4,1000,300,1627942268920653371
2021-08-03 01:00:11.951949 UTC,229.23,229.4,1000,1300,1627942268920653375
2021-08-03 01:00:12.063305 UTC,229.2,229.4,45,1300,1627942268920653376
2021-08-03 01:00:12.063322 UTC,229.22,229.4,1000,1300,1627942268920653377
2021-08-03 01:00:12.918912 UTC,229.2,229.4,45,1300,1627942268920653378
2021-08-03 01:00:12.918932 UTC,229.21,229.4,1000,1300,1627942268920653379
2021-08-03 01:00:12.993410 UTC,228.4,229.4,300,1300,1627942268920653381
2021-08-03 01:00:12.993447 UTC,229.22,229.4,1000,1300,1627942268920653382
2021-08-03 01:00:13.176542 UTC,229.0,229.4,300,1300,1627942268920653384
2021-08-03 01:00:13.176582 UTC,229.21,229.4,1000,1300,1627942268920653385
2021-08-03 01:00:13.176884 UTC,229.21,229.4,1000,300,1627942268920653386
2021-08-03 01:00:13.176903 UTC,229.21,229.39,1000,1000,1627942268920653387
2021-08-03 01:00:13.261468 UTC,229.0,229.39,300,1000,1627942268920653388
2021-08-03 01:00:13.261493 UTC,229.2,229.39,1000,1000,1627942268920653389
2021-08-03 01:00:13.491391 UTC,229.0,229.39,300,1000,1627942268920653390
2021-08-03 01:00:13.491410 UTC,229.19,229.39,1000,1000,1627942268920653391
2021-08-03 01:00:13.494492 UTC,229.19,229.4,1000,300,1627942268920653392
2021-08-03 01:00:13.494528 UTC,229.19,229.38,1000,1000,1627942268920653393
2021-08-03 01:00:13.495352 UTC,229.0,229.38,300,1000,1627942268920653394
2021-08-03 01:00:13.495368 UTC,229.18,229.38,1000,1000,1627942268920653395
2021-08-03 01:00:13.495622 UTC,229.18,229.4,1000,300,1627942268920653396
2021-08-03 01:00:13.495641 UTC,229.18,229.37,1000,1000,1627942268920653397
2021-08-03 01:00:13.570595 UTC,229.18,229.4,1000,300,1627942268920653398
2021-08-03 01:00:13.570617 UTC,229.18,229.38,1000,1000,1627942268920653399
2021-08-03 01:00:13.570649 UTC,229.0,229.38,300,1000,1627942268920653400
2021-08-03 01:00:13.570650 UTC,229.2,229.38,1000,1000,1627942268920653401
2021-08-03 01:00:14.002546 UTC,229.2,229.4,1000,300,1627942268920653402
2021-08-03 01:00:14.002565 UTC,229.2,229.39,1000,1000,1627942268920653403
2021-08-03 01:00:14.063150 UTC,229.2,229.4,1000,300,1627942268920653404
2021-08-03 01:00:14.063167 UTC,229.2,229.4,1000,1300,1627942268920653405
2021-08-03 01:00:14.063604 UTC,229.2,229.4,1000,300,1627942268920653406
2021-08-03 01:00:14.063621 UTC,229.2,229.39,1000,1000,1627942268920653407
2021-08-03 01:00:14.103825 UTC,229.2,229.39,1045,1000,1627942268920653408
2021-08-03 01:00:14.315107 UTC,229.2,229.4,1045,300,1627942268920653409
2021-08-03 01:00:14.315136 UTC,229.2,229.4,1045,1300,1627942268920653410
2021-08-03 01:00:14.315253 UTC,229.2,229.4,45,1300,1627942268920653411
2021-08-03 01:00:14.315269 UTC,229.22,229.4,1000,1300,1627942268920653412
2021-08-03 01:00:14.316425 UTC,229.2,229.4,45,1300,1627942268920653413
2021-08-03 01:00:14.316444 UTC,229.21,229.4,1000,1300,1627942268920653414
2021-08-03 01:00:14.447228 UTC,229.21,229.4,1000,300,1627942268920653415
2021-08-03 01:00:14.447359 UTC,229.21,229.41,1000,1000,1627942268920653417
2021-08-03 01:00:14.498347 UTC,229.2,229.41,45,1000,1627942268920653418
2021-08-03 01:00:14.498366 UTC,229.22,229.41,1000,1000,1627942268920653419
2021-08-03 01:00:14.499927 UTC,229.22,230.2,1000,300,1627942268920653420
2021-08-03 01:00:14.499945 UTC,229.22,229.42,1000,1000,1627942268920653421
2021-08-03 01:00:14.500227 UTC,229.2,229.42,45,1000,1627942268920653422
2021-08-03 01:00:14.500246 UTC,229.23,229.42,1000,1000,1627942268920653423
2021-08-03 01:00:14.500378 UTC,229.23,230.2,1000,300,1627942268920653424
2021-08-03 01:00:14.500412 UTC,229.23,229.41,1000,1000,1627942268920653425
2021-08-03 01:00:14.512118 UTC,229.2,229.41,45,1000,1627942268920653426
2021-08-03 01:00:14.512138 UTC,229.22,229.41,1000,1000,1627942268920653427
2021-08-03 01:00:14.602187 UTC,229.22,229.4,1000,300,1627942268920653429
2021-08-03 01:00:14.650644 UTC,229.2,229.4,300,300,1627942268920653430
2021-08-03 01:00:14.650665 UTC,229.23,229.4,1000,300,1627942268920653431
2021-08-03 01:00:15.000883 UTC,229.2,229.4,300,300,1627942268920653438
2021-08-03 01:00:15.000914 UTC,229.24,229.4,1000,300,1627942268920653439
2021-08-03 01:00:17.344237 UTC,229.2,229.4,300,300,1627942268920653484
2021-08-03 01:00:17.344257 UTC,229.25,229.4,1000,300,1627942268920653485
2021-08-03 01:00:18.013197 UTC,229.2,229.4,300,300,1627942268920653504
2021-08-03 01:00:18.013215 UTC,229.24,229.4,1000,300,1627942268920653505
2021-08-03 01:00:18.609804 UTC,229.2,229.4,300,300,1627942268920653526
2021-08-03 01:00:18.609820 UTC,229.25,229.4,1000,300,1627942268920653527
2021-08-03 01:00:19.841766 UTC,229.25,229.44,1000,1000,1627942268920653542
2021-08-03 01:00:19.942387 UTC,229.25,229.4,1000,300,1627942268920653543
2021-08-03 01:00:20.020185 UTC,229.2,229.4,300,300,1627942268920653550
2021-08-03 01:00:20.020203 UTC,229.26,229.4,1000,300,1627942268920653551
2021-08-03 01:00:20.513462 UTC,229.2,229.4,300,300,1627942268920653574
2021-08-03 01:00:20.513479 UTC,229.25,229.4,1000,300,1627942268920653575
2021-08-03 01:00:23.692256 UTC,229.2,229.4,300,300,1627942268920653644
2021-08-03 01:00:23.692274 UTC,229.24,229.4,1000,300,1627942268920653645
2021-08-03 01:00:24.521728 UTC,229.2,229.4,300,300,1627942268920653650
2021-08-03 01:00:24.521766 UTC,229.23,229.4,1000,300,1627942268920653651
2021-08-03 01:00:25.002620 UTC,229.23,229.42,1000,1000,1627942268920653661
2021-08-03 01:00:25.102861 UTC,229.23,229.4,1000,300,1627942268920653663
2021-08-03 01:00:26.508616 UTC,229.23,229.4,1000,1300,1627942268920653676
2021-08-03 01:00:26.509013 UTC,229.23,229.4,1000,300,1627942268920653677
2021-08-03 01:00:26.839130 UTC,229.23,229.4,1000,1300,1627942268920653680
2021-08-03 01:00:27.210298 UTC,229.23,229.4,1000,300,1627942268920653681
2021-08-03 01:00:27.211065 UTC,229.23,229.4,1000,1300,1627942268920653684
2021-08-03 01:00:27.211480 UTC,229.23,229.4,1000,300,1627942268920653685
2021-08-03 01:00:27.211603 UTC,229.2,229.4,45,300,1627942268920653687
2021-08-03 01:00:27.211627 UTC,229.22,229.4,1000,300,1627942268920653688
2021-08-03 01:00:27.211954 UTC,229.22,229.4,1000,1300,1627942268920653690
2021-08-03 01:00:27.212352 UTC,229.22,229.4,1000,300,1627942268920653691
2021-08-03 01:00:27.502979 UTC,229.22,229.4,1000,1300,1627942268920653694
2021-08-03 01:00:27.553202 UTC,229.22,229.4,1000,300,1627942268920653695
2021-08-03 01:00:27.673907 UTC,229.22,229.4,1000,1300,1627942268920653699
2021-08-03 01:00:27.847433 UTC,229.22,229.4,1000,300,1627942268920653700
2021-08-03 01:00:28.009818 UTC,229.2,229.4,300,300,1627942268920653702
2021-08-03 01:00:28.009854 UTC,229.23,229.4,1000,300,1627942268920653703
2021-08-03 01:00:28.011402 UTC,229.23,229.4,1000,1300,1627942268920653705
2021-08-03 01:00:28.197971 UTC,229.2,229.4,300,1300,1627942268920653706
2021-08-03 01:00:28.198003 UTC,229.22,229.4,1000,1300,1627942268920653707
2021-08-03 01:00:28.254821 UTC,229.22,229.4,1000,300,1627942268920653708
2021-08-03 01:00:28.299506 UTC,229.22,229.4,1000,1300,1627942268920653711
2021-08-03 01:00:28.419759 UTC,229.22,229.4,1000,300,1627942268920653712
2021-08-03 01:00:28.501950 UTC,229.22,229.4,1000,1300,1627942268920653719
2021-08-03 01:00:28.800305 UTC,229.22,229.4,1000,300,1627942268920653720
2021-08-03 01:00:29.011770 UTC,229.2,229.4,300,300,1627942268920653724
2021-08-03 01:00:29.011789 UTC,229.24,229.4,1000,300,1627942268920653725
2021-08-03 01:00:29.024148 UTC,229.24,229.4,1000,1300,1627942268920653733
2021-08-03 01:00:29.025531 UTC,229.24,229.4,1000,300,1627942268920653734
2021-08-03 01:00:29.084281 UTC,229.2,229.4,300,300,1627942268920653736
2021-08-03 01:00:29.084302 UTC,229.23,229.4,1000,300,1627942268920653737
2021-08-03 01:00:29.287269 UTC,229.23,229.4,1000,1300,1627942268920653739
2021-08-03 01:00:29.288584 UTC,229.23,229.4,1000,300,1627942268920653740
2021-08-03 01:00:29.438716 UTC,229.23,229.4,1000,1300,1627942268920653751
2021-08-03 01:00:29.439167 UTC,229.23,229.4,1000,300,1627942268920653752
2021-08-03 01:00:29.439616 UTC,229.23,229.4,1000,1300,1627942268920653755
2021-08-03 01:00:29.440029 UTC,229.23,229.4,1000,300,1627942268920653756
2021-08-03 01:00:30.511088 UTC,229.2,229.4,300,300,1627942268920653766
2021-08-03 01:00:30.511107 UTC,229.24,229.4,1000,300,1627942268920653767
2021-08-03 01:00:30.512481 UTC,229.24,229.42,1000,1000,1627942268920653770
2021-08-03 01:00:30.613087 UTC,229.24,229.4,1000,300,1627942268920653771
2021-08-03 01:00:32.026485 UTC,229.24,229.4,1000,1300,1627942268920653799
2021-08-03 01:00:32.026885 UTC,229.24,229.4,1000,300,1627942268920653800
2021-08-03 01:00:34.256657 UTC,229.2,229.4,300,300,1627942268920653828
2021-08-03 01:00:34.256673 UTC,229.26,229.4,1000,300,1627942268920653829
2021-08-03 01:00:34.503605 UTC,229.2,229.4,300,300,1627942268920653832
2021-08-03 01:00:34.503624 UTC,229.25,229.4,1000,300,1627942268920653833
2021-08-03 01:00:35.732553 UTC,229.25,229.43,1000,1000,1627942268920653857
2021-08-03 01:00:35.833369 UTC,229.25,229.4,1000,300,1627942268920653858
2021-08-03 01:00:39.010405 UTC,229.2,229.4,300,300,1627942268920653873
2021-08-03 01:00:39.010431 UTC,229.24,229.4,1000,300,1627942268920653874
2021-08-03 01:00:39.610745 UTC,229.2,229.4,300,300,1627942268920653879
2021-08-03 01:00:39.610792 UTC,229.25,229.4,1000,300,1627942268920653880
2021-08-03 01:00:40.579922 UTC,229.2,229.4,300,300,1627942268920653897
2021-08-03 01:00:40.579944 UTC,229.26,229.4,1000,300,1627942268920653898
2021-08-03 01:00:41.002084 UTC,229.26,229.43,1000,1000,1627942268920653901
2021-08-03 01:00:41.003096 UTC,229.26,230.2,1000,300,1627942268920653902
2021-08-03 01:00:41.003132 UTC,229.26,229.44,1000,1000,1627942268920653903
2021-08-03 01:00:41.010446 UTC,229.26,230.2,1000,300,1627942268920653904
2021-08-03 01:00:41.010474 UTC,229.26,229.45,1000,1000,1627942268920653905
2021-08-03 01:00:41.111377 UTC,229.26,229.4,1000,300,1627942268920653906
2021-08-03 01:00:44.451681 UTC,229.2,229.4,300,300,1627942268920653925
2021-08-03 01:00:44.451702 UTC,229.27,229.4,1000,300,1627942268920653926
2021-08-03 01:00:49.001025 UTC,229.2,229.4,300,300,1627942268920653935
2021-08-03 01:00:49.001042 UTC,229.26,229.4,1000,300,1627942268920653936
2021-08-03 01:00:49.209888 UTC,229.2,229.4,300,300,1627942268920653939
2021-08-03 01:00:49.209908 UTC,229.27,229.4,1000,300,1627942268920653940
2021-08-03 01:00:49.514643 UTC,229.2,229.4,300,300,1627942268920653941
2021-08-03 01:00:49.514664 UTC,229.26,229.4,1000,300,1627942268920653942
2021-08-03 01:00:50.521969 UTC,229.2,229.4,300,300,1627942268920653943
2021-08-03 01:00:50.521991 UTC,229.25,229.4,1000,300,1627942268920653944
2021-08-03 01:00:50.942887 UTC,229.2,229.4,300,300,1627942268920653945
2021-08-03 01:00:50.942925 UTC,229.24,229.4,1000,300,1627942268920653946
2021-08-03 01:00:50.997390 UTC,229.24,229.4,1000,1300,1627942268920653948
2021-08-03 01:00:50.997516 UTC,229.24,229.4,1000,1000,1627942268920653949
2021-08-03 01:00:50.998768 UTC,229.24,230.2,1000,300,1627942268920653950
2021-08-03 01:00:50.998787 UTC,229.24,229.41,1000,1000,1627942268920653951
2021-08-03 01:00:50.999274 UTC,229.24,230.2,1000,300,1627942268920653952
2021-08-03 01:00:50.999292 UTC,229.24,229.42,1000,1000,1627942268920653953
2021-08-03 01:00:51.099835 UTC,229.24,229.4,1000,300,1627942268920653954
2021-08-03 01:00:54.025466 UTC,229.2,229.4,300,300,1627942268920653967
2021-08-03 01:00:54.025506 UTC,229.25,229.4,1000,300,1627942268920653968
2021-08-03 01:00:54.137148 UTC,229.2,229.4,300,300,1627942268920653973
2021-08-03 01:00:54.137166 UTC,229.24,229.4,1000,300,1627942268920653974
2021-08-03 01:00:55.187796 UTC,229.2,229.4,300,300,1627942268920653981
2021-08-03 01:00:55.187815 UTC,229.26,229.4,1000,300,1627942268920653982
2021-08-03 01:00:55.188660 UTC,229.2,229.4,300,300,1627942268920653985
2021-08-03 01:00:55.188679 UTC,229.25,229.4,1000,300,1627942268920653986
2021-08-03 01:00:55.189112 UTC,229.2,229.4,300,300,1627942268920653987
2021-08-03 01:00:55.189154 UTC,229.26,229.4,1000,300,1627942268920653988
2021-08-03 01:00:56.611825 UTC,229.26,229.43,1000,1000,1627942268920653997
2021-08-03 01:00:56.712505 UTC,229.26,229.4,1000,300,1627942268920653998
2021-08-03 01:00:58.510560 UTC,229.2,229.4,300,300,1627942268920654011
2021-08-03 01:00:58.510577 UTC,229.25,229.4,1000,300,1627942268920654012
2021-08-03 01:01:00.285358 UTC,229.2,229.4,300,300,1627942268920654023
2021-08-03 01:01:00.285376 UTC,229.26,229.4,1000,300,1627942268920654024
2021-08-03 01:01:00.995092 UTC,229.2,229.4,300,300,1627942268920654031
2021-08-03 01:01:00.995116 UTC,229.25,229.4,1000,300,1627942268920654032
2021-08-03 01:01:01.326656 UTC,229.2,229.4,300,300,1627942268920654049
2021-08-03 01:01:01.326678 UTC,229.24,229.4,1000,300,1627942268920654050
2021-08-03 01:01:01.726741 UTC,229.24,229.4,1000,1300,1627942268920654054
2021-08-03 01:01:01.726845 UTC,229.24,229.4,1000,1000,1627942268920654055
2021-08-03 01:01:01.827769 UTC,229.24,229.4,1000,1300,1627942268920654056
2021-08-03 01:01:02.017870 UTC,229.2,229.4,300,1300,1627942268920654057
2021-08-03 01:01:02.017889 UTC,229.22,229.4,1000,1300,1627942268920654058
2021-08-03 01:01:02.018941 UTC,229.22,229.4,1000,300,1627942268920654059
2021-08-03 01:01:02.222754 UTC,229.22,229.4,1000,1300,1627942268920654062
2021-08-03 01:01:02.849556 UTC,229.2,229.4,45,1300,1627942268920654064
2021-08-03 01:01:02.849576 UTC,229.21,229.4,1000,1300,1627942268920654065
2021-08-03 01:01:02.849908 UTC,229.21,229.4,1000,300,1627942268920654066
2021-08-03 01:01:02.849945 UTC,229.21,229.39,1000,1000,1627942268920654067
2021-08-03 01:01:02.992782 UTC,229.21,229.4,1000,300,1627942268920654069
2021-08-03 01:01:02.992803 UTC,229.21,229.4,1000,1300,1627942268920654070
2021-08-03 01:01:02.993038 UTC,228.4,229.4,300,1300,1627942268920654071
2021-08-03 01:01:02.993058 UTC,229.22,229.4,1000,1300,1627942268920654072
2021-08-03 01:01:02.994475 UTC,228.4,229.4,300,1300,1627942268920654073
2021-08-03 01:01:02.994494 UTC,229.21,229.4,1000,1300,1627942268920654074
2021-08-03 01:01:02.994852 UTC,228.4,229.4,300,1300,1627942268920654075
2021-08-03 01:01:02.994872 UTC,229.22,229.4,1000,1300,1627942268920654076
2021-08-03 01:01:03.092668 UTC,228.4,229.4,300,1300,1627942268920654077
2021-08-03 01:01:03.092686 UTC,229.21,229.4,1000,1300,1627942268920654078
2021-08-03 01:01:03.106027 UTC,229.21,229.4,1000,300,1627942268920654079
2021-08-03 01:01:03.106047 UTC,229.21,229.39,1000,1000,1627942268920654080
2021-08-03 01:01:03.138390 UTC,228.4,229.39,300,1000,1627942268920654081
2021-08-03 01:01:03.138438 UTC,229.2,229.39,1000,1000,1627942268920654082
2021-08-03 01:01:03.138832 UTC,229.2,229.4,1000,300,1627942268920654083
2021-08-03 01:01:03.138851 UTC,229.2,229.38,1000,1000,1627942268920654084
2021-08-03 01:01:03.233881 UTC,228.4,229.38,300,1000,1627942268920654085
2021-08-03 01:01:03.233900 UTC,229.19,229.38,1000,1000,1627942268920654086
2021-08-03 01:01:03.335112 UTC,229.2,229.38,45,1000,1627942268920654087
2021-08-03 01:01:03.335559 UTC,229.2,229.38,1045,1000,1627942268920654089
2021-08-03 01:01:05.514291 UTC,229.2,229.38,1000,1000,1627942268920654090
2021-08-03 01:01:05.811633 UTC,229.2,229.38,1045,1000,1627942268920654092
2021-08-03 01:01:06.209096 UTC,229.2,229.38,45,1000,1627942268920654093
2021-08-03 01:01:06.209970 UTC,229.19,229.38,1000,1000,1627942268920654095
2021-08-03 01:01:06.598597 UTC,229.2,229.38,45,1000,1627942268920654096
2021-08-03 01:01:06.599110 UTC,229.2,229.38,1045,1000,1627942268920654098
2021-08-03 01:01:06.605245 UTC,229.2,229.38,45,1000,1627942268920654099
2021-08-03 01:01:06.606029 UTC,229.18,229.38,1000,1000,1627942268920654101
2021-08-03 01:01:07.008733 UTC,229.0,229.38,300,1000,1627942268920654102
2021-08-03 01:01:07.008751 UTC,229.19,229.38,1000,1000,1627942268920654103
2021-08-03 01:01:07.199707 UTC,229.19,229.4,1000,300,1627942268920654104
2021-08-03 01:01:07.199728 UTC,229.19,229.37,1000,1000,1627942268920654105
2021-08-03 01:01:09.616842 UTC,229.2,229.37,45,1000,1627942268920654108
2021-08-03 01:01:09.617301 UTC,229.2,229.37,1045,1000,1627942268920654110
2021-08-03 01:01:09.659344 UTC,229.2,229.37,45,1000,1627942268920654111
2021-08-03 01:01:09.794675 UTC,229.2,229.37,1045,1000,1627942268920654114
2021-08-03 01:01:09.994343 UTC,229.2,229.37,1000,1000,1627942268920654115
2021-08-03 01:01:09.995472 UTC,229.0,229.37,300,1000,1627942268920654116
2021-08-03 01:01:09.995473 UTC,229.13,229.37,1000,1000,1627942268920654117
2021-08-03 01:01:09.999443 UTC,229.13,229.4,1000,300,1627942268920654118
2021-08-03 01:01:09.999461 UTC,229.13,229.38,1000,1000,1627942268920654119
2021-08-03 01:01:10.236080 UTC,229.0,229.38,300,1000,1627942268920654120
2021-08-03 01:01:10.236099 UTC,229.12,229.38,1000,1000,1627942268920654121
2021-08-03 01:01:10.236507 UTC,229.0,229.38,300,1000,1627942268920654122
2021-08-03 01:01:10.236544 UTC,229.13,229.38,1000,1000,1627942268920654123
2021-08-03 01:01:10.515055 UTC,229.0,229.38,300,1000,1627942268920654124
2021-08-03 01:01:10.515075 UTC,229.18,229.38,1000,1000,1627942268920654125
2021-08-03 01:01:10.616568 UTC,229.2,229.38,45,1000,1627942268920654126
2021-08-03 01:01:10.617037 UTC,229.2,229.38,1045,1000,1627942268920654128
2021-08-03 01:01:10.699322 UTC,229.2,229.38,45,1000,1627942268920654129
2021-08-03 01:01:10.813579 UTC,229.2,229.38,1045,1000,1627942268920654132
2021-08-03 01:01:14.337933 UTC,229.2,229.4,1045,300,1627942268920654133
2021-08-03 01:01:14.337953 UTC,229.2,229.39,1045,1000,1627942268920654134
2021-08-03 01:01:15.611310 UTC,229.2,229.39,1300,1000,1627942268920654138
2021-08-03 01:01:16.337940 UTC,229.2,229.39,300,1000,1627942268920654139
2021-08-03 01:01:16.337957 UTC,229.21,229.39,1000,1000,1627942268920654140
2021-08-03 01:01:16.513684 UTC,229.21,229.4,1000,300,1627942268920654142
2021-08-03 01:01:16.513731 UTC,229.21,229.4,1000,1300,1627942268920654143
2021-08-03 01:01:17.364528 UTC,229.2,229.4,300,1300,1627942268920654145
2021-08-03 01:01:17.364549 UTC,229.22,229.4,1000,1300,1627942268920654146
2021-08-03 01:01:17.502311 UTC,229.2,229.4,300,1300,1627942268920654147
2021-08-03 01:01:17.502330 UTC,229.21,229.4,1000,1300,1627942268920654148
2021-08-03 01:01:17.502369 UTC,229.21,229.4,1000,300,1627942268920654149
2021-08-03 01:01:17.502386 UTC,229.21,229.39,1000,1000,1627942268920654150
2021-08-03 01:01:20.508841 UTC,229.21,229.4,1000,300,1627942268920654152
2021-08-03 01:01:20.508891 UTC,229.2,229.4,300,300,1627942268920654154
2021-08-03 01:01:20.508907 UTC,229.22,229.4,1000,300,1627942268920654155
2021-08-03 01:01:20.508979 UTC,229.22,229.41,1000,1000,1627942268920654156
2021-08-03 01:01:20.609426 UTC,229.22,229.4,1000,300,1627942268920654157
2021-08-03 01:01:20.609900 UTC,229.22,229.4,1000,1300,1627942268920654159
2021-08-03 01:01:20.975787 UTC,229.2,229.4,300,1300,1627942268920654160
2021-08-03 01:01:20.975807 UTC,229.23,229.4,1000,1300,1627942268920654161
2021-08-03 01:01:20.975848 UTC,229.23,229.4,1000,300,1627942268920654162
2021-08-03 01:01:20.977091 UTC,229.23,229.4,1000,1300,1627942268920654165
2021-08-03 01:01:20.999715 UTC,229.2,229.4,300,1300,1627942268920654166
2021-08-03 01:01:20.999735 UTC,229.22,229.4,1000,1300,1627942268920654167
2021-08-03 01:01:22.522507 UTC,229.22,229.4,1000,300,1627942268920654168
2021-08-03 01:01:22.540681 UTC,229.22,229.4,1000,1300,1627942268920654171
2021-08-03 01:01:22.672400 UTC,229.22,229.4,1000,300,1627942268920654172
2021-08-03 01:01:22.750628 UTC,229.22,229.4,1000,1300,1627942268920654175
2021-08-03 01:01:22.859505 UTC,229.22,229.4,1000,300,1627942268920654176
2021-08-03 01:01:22.893850 UTC,229.22,229.4,1000,1300,1627942268920654179
2021-08-03 01:01:25.080111 UTC,229.2,229.4,45,1300,1627942268920654181
2021-08-03 01:01:25.080132 UTC,229.21,229.4,1000,1300,1627942268920654182
2021-08-03 01:01:25.284140 UTC,229.2,229.4,45,1300,1627942268920654186
2021-08-03 01:01:25.284182 UTC,229.2,229.4,1045,1300,1627942268920654187
2021-08-03 01:01:25.422411 UTC,229.2,229.4,1045,300,1627942268920654188
2021-08-03 01:01:25.422428 UTC,229.2,229.39,1045,1000,1627942268920654189
2021-08-03 01:01:30.143166 UTC,229.2,229.4,1045,300,1627942268920654190
2021-08-03 01:01:30.143185 UTC,229.2,229.38,1045,1000,1627942268920654191
2021-08-03 01:01:31.515211 UTC,229.2,229.38,45,1000,1627942268920654194
2021-08-03 01:01:31.515335 UTC,229.18,229.38,1000,1000,1627942268920654196
2021-08-03 01:01:32.746541 UTC,229.2,229.38,45,1000,1627942268920654198
2021-08-03 01:01:32.747023 UTC,229.2,229.38,1045,1000,1627942268920654200
2021-08-03 01:01:32.837957 UTC,229.2,229.38,45,1000,1627942268920654201
2021-08-03 01:01:32.838877 UTC,229.19,229.38,1000,1000,1627942268920654203
2021-08-03 01:01:33.201731 UTC,229.0,229.38,300,1000,1627942268920654204
2021-08-03 01:01:33.201747 UTC,229.18,229.38,1000,1000,1627942268920654205
2021-08-03 01:01:33.337133 UTC,229.18,229.4,1000,300,1627942268920654206
2021-08-03 01:01:33.337153 UTC,229.18,229.37,1000,1000,1627942268920654207
2021-08-03 01:01:34.027211 UTC,229.2,229.37,45,1000,1627942268920654208
2021-08-03 01:01:34.232618 UTC,229.2,229.37,1045,1000,1627942268920654212
2021-08-03 01:01:34.285775 UTC,229.2,229.4,1045,300,1627942268920654213
2021-08-03 01:01:34.285795 UTC,229.2,229.38,1045,1000,1627942268920654214
2021-08-03 01:01:35.471187 UTC,229.2,229.38,1300,1000,1627942268920654215
2021-08-03 01:01:35.594940 UTC,229.2,229.4,1300,300,1627942268920654216
2021-08-03 01:01:35.594970 UTC,229.2,229.39,1300,1000,1627942268920654217
2021-08-03 01:01:35.635129 UTC,229.2,230.2,1300,300,1627942268920654219
2021-08-03 01:01:35.635146 UTC,229.2,229.4,1300,1000,1627942268920654220
2021-08-03 01:01:35.736278 UTC,229.2,229.4,1300,1300,1627942268920654221
2021-08-03 01:01:36.515256 UTC,229.2,229.4,1300,300,1627942268920654222
2021-08-03 01:01:36.515286 UTC,229.2,229.39,1300,1000,1627942268920654223
2021-08-03 01:01:36.515718 UTC,229.2,229.39,1045,1000,1627942268920654224
2021-08-03 01:01:36.516851 UTC,229.2,229.39,45,1000,1627942268920654225
2021-08-03 01:01:36.516870 UTC,229.21,229.39,1000,1000,1627942268920654226
2021-08-03 01:01:36.642135 UTC,229.21,229.4,1000,300,1627942268920654227
2021-08-03 01:01:36.642164 UTC,229.21,229.4,1000,1300,1627942268920654228
2021-08-03 01:01:36.950246 UTC,229.2,229.4,45,1300,1627942268920654229
2021-08-03 01:01:36.950271 UTC,229.2,229.4,1045,1300,1627942268920654230
2021-08-03 01:01:37.007904 UTC,229.2,229.4,1045,300,1627942268920654231
2021-08-03 01:01:37.007933 UTC,229.2,229.39,1045,1000,1627942268920654232
2021-08-03 01:01:40.509385 UTC,229.2,229.39,1000,1000,1627942268920654233
2021-08-03 01:01:40.537383 UTC,229.2,229.4,1000,300,1627942268920654234
2021-08-03 01:01:40.537401 UTC,229.2,229.4,1000,1300,1627942268920654235
2021-08-03 01:01:40.622600 UTC,229.2,229.4,1045,1300,1627942268920654236
2021-08-03 01:01:41.006986 UTC,229.2,229.4,1045,300,1627942268920654237
2021-08-03 01:01:41.007002 UTC,229.2,229.38,1045,1000,1627942268920654238
2021-08-03 01:01:41.068919 UTC,229.2,229.38,45,1000,1627942268920654239
2021-08-03 01:01:41.069656 UTC,229.19,229.38,1000,1000,1627942268920654241
2021-08-03 01:01:41.964507 UTC,229.2,229.38,45,1000,1627942268920654242
2021-08-03 01:01:41.965075 UTC,229.2,229.38,1045,1000,1627942268920654244
2021-08-03 01:01:42.002189 UTC,229.2,229.38,45,1000,1627942268920654245
2021-08-03 01:01:42.003119 UTC,229.18,229.38,1000,1000,1627942268920654247
2021-08-03 01:01:42.005781 UTC,229.18,229.4,1000,300,1627942268920654248
2021-08-03 01:01:42.005800 UTC,229.18,229.37,1000,1000,1627942268920654249
2021-08-03 01:01:43.186164 UTC,229.2,229.37,45,1000,1627942268920654252
2021-08-03 01:01:43.270219 UTC,229.2,229.37,1045,1000,1627942268920654256
2021-08-03 01:01:44.026361 UTC,229.2,229.37,45,1000,1627942268920654257
2021-08-03 01:01:44.027278 UTC,229.19,229.37,1000,1000,1627942268920654259
2021-08-03 01:01:45.617423 UTC,229.0,229.37,300,1000,1627942268920654260
2021-08-03 01:01:45.617442 UTC,229.18,229.37,1000,1000,1627942268920654261
2021-08-03 01:01:45.617919 UTC,229.18,229.4,1000,300,1627942268920654263
2021-08-03 01:01:45.617948 UTC,229.18,229.36,1000,1000,1627942268920654264
2021-08-03 01:01:45.619124 UTC,229.18,229.4,1000,300,1627942268920654265
2021-08-03 01:01:45.619143 UTC,229.18,229.37,1000,1000,1627942268920654266
2021-08-03 01:01:46.273715 UTC,229.0,229.37,300,1000,1627942268920654268
2021-08-03 01:01:46.273736 UTC,229.17,229.37,1000,1000,1627942268920654269
2021-08-03 01:01:47.497850 UTC,229.0,229.37,300,1000,1627942268920654270
2021-08-03 01:01:47.497868 UTC,229.18,229.37,1000,1000,1627942268920654271
2021-08-03 01:01:47.599426 UTC,229.2,229.37,45,1000,1627942268920654272
2021-08-03 01:01:47.660560 UTC,229.2,229.37,1045,1000,1627942268920654276
2021-08-03 01:01:47.661902 UTC,229.2,229.37,45,1000,1627942268920654277
2021-08-03 01:01:47.726331 UTC,229.2,229.37,1045,1000,1627942268920654280
2021-08-03 01:01:47.734484 UTC,229.2,229.37,45,1000,1627942268920654281
2021-08-03 01:01:47.824382 UTC,229.2,229.37,1045,1000,1627942268920654284
2021-08-03 01:01:47.843074 UTC,229.2,229.4,1045,300,1627942268920654285
2021-08-03 01:01:47.843093 UTC,229.2,229.38,1045,1000,1627942268920654286
2021-08-03 01:01:48.010767 UTC,229.2,229.4,1045,300,1627942268920654289
2021-08-03 01:01:48.010787 UTC,229.2,229.39,1045,1000,1627942268920654290
2021-08-03 01:01:49.826098 UTC,229.2,229.39,45,1000,1627942268920654291
2021-08-03 01:01:49.826138 UTC,229.21,229.39,1000,1000,1627942268920654292
2021-08-03 01:01:51.936598 UTC,229.21,229.4,1000,300,1627942268920654296
2021-08-03 01:01:51.936643 UTC,229.21,229.4,1000,1300,1627942268920654297
2021-08-03 01:01:53.003893 UTC,229.2,229.4,45,1300,1627942268920654299
2021-08-03 01:01:53.003913 UTC,229.22,229.4,1000,1300,1627942268920654300
2021-08-03 01:01:53.013483 UTC,229.22,229.4,1000,300,1627942268920654303
2021-08-03 01:01:53.013616 UTC,229.22,229.41,1000,1000,1627942268920654305
2021-08-03 01:01:53.114528 UTC,229.22,229.4,1000,300,1627942268920654307
2021-08-03 01:01:53.114984 UTC,229.22,229.4,1000,1300,1627942268920654309
2021-08-03 01:01:53.332029 UTC,229.22,229.4,1000,300,1627942268920654310
2021-08-03 01:01:53.336464 UTC,229.2,229.4,300,300,1627942268920654312
2021-08-03 01:01:53.336481 UTC,229.23,229.4,1000,300,1627942268920654313
2021-08-03 01:01:53.514662 UTC,229.2,229.4,300,300,1627942268920654316
2021-08-03 01:01:53.514679 UTC,229.24,229.4,1000,300,1627942268920654317
2021-08-03 01:01:57.308795 UTC,229.2,229.4,300,300,1627942268920654350
2021-08-03 01:01:57.308815 UTC,229.25,229.4,1000,300,1627942268920654351
2021-08-03 01:01:58.448084 UTC,229.25,229.44,1000,1000,1627942268920654358
2021-08-03 01:01:58.548240 UTC,229.25,229.4,1000,300,1627942268920654359
2021-08-03 01:02:02.948138 UTC,229.2,229.4,300,300,1627942268920654376
2021-08-03 01:02:02.948155 UTC,229.24,229.4,1000,300,1627942268920654377
2021-08-03 01:02:03.442239 UTC,229.24,229.4,1000,1300,1627942268920654389
2021-08-03 01:02:03.532623 UTC,229.2,229.4,300,1300,1627942268920654390
2021-08-03 01:02:03.532647 UTC,229.23,229.4,1000,1300,1627942268920654391
2021-08-03 01:02:04.560210 UTC,229.23,229.4,1000,300,1627942268920654392
2021-08-03 01:02:04.560339 UTC,229.23,229.41,1000,1000,1627942268920654394
2021-08-03 01:02:04.661096 UTC,229.23,229.4,1000,300,1627942268920654395
2021-08-03 01:02:04.661584 UTC,229.23,229.4,1000,1300,1627942268920654397
2021-08-03 01:02:04.790188 UTC,229.23,229.4,1000,300,1627942268920654398
2021-08-03 01:02:07.509065 UTC,229.2,229.4,300,300,1627942268920654402
2021-08-03 01:02:07.509090 UTC,229.24,229.4,1000,300,1627942268920654403
2021-08-03 01:02:07.650578 UTC,229.2,229.4,300,300,1627942268920654412
2021-08-03 01:02:07.650597 UTC,229.25,229.4,1000,300,1627942268920654413
2021-08-03 01:02:07.652004 UTC,229.2,229.4,300,300,1627942268920654418
2021-08-03 01:02:07.652023 UTC,229.24,229.4,1000,300,1627942268920654419
2021-08-03 01:02:07.652314 UTC,229.24,229.4,1000,1300,1627942268920654421
2021-08-03 01:02:07.652415 UTC,229.2,229.4,300,1300,1627942268920654422
2021-08-03 01:02:07.652443 UTC,229.25,229.4,1000,1300,1627942268920654423
2021-08-03 01:02:07.652691 UTC,229.25,229.4,1000,300,1627942268920654424
2021-08-03 01:02:07.652807 UTC,229.2,229.4,300,300,1627942268920654426
2021-08-03 01:02:07.652826 UTC,229.24,229.4,1000,300,1627942268920654427
2021-08-03 01:02:07.653196 UTC,229.2,229.4,300,300,1627942268920654430
2021-08-03 01:02:07.653240 UTC,229.25,229.4,1000,300,1627942268920654431
2021-08-03 01:02:07.937385 UTC,229.2,229.4,300,300,1627942268920654436
2021-08-03 01:02:07.937425 UTC,229.26,229.4,1000,300,1627942268920654437
2021-08-03 01:02:08.011690 UTC,229.2,229.4,300,300,1627942268920654440
2021-08-03 01:02:08.011707 UTC,229.27,229.4,1000,300,1627942268920654441
2021-08-03 01:02:08.508465 UTC,229.2,229.4,300,300,1627942268920654452
2021-08-03 01:02:08.508486 UTC,229.26,229.4,1000,300,1627942268920654453
2021-08-03 01:02:09.017834 UTC,229.2,229.4,300,300,1627942268920654462
2021-08-03 01:02:09.017869 UTC,229.25,229.4,1000,300,1627942268920654463
2021-08-03 01:02:10.164333 UTC,229.25,229.42,1000,1000,1627942268920654470
2021-08-03 01:02:10.264893 UTC,229.25,229.4,1000,300,1627942268920654471
2021-08-03 01:02:11.511256 UTC,229.2,229.4,300,300,1627942268920654478
2021-08-03 01:02:11.511278 UTC,229.26,229.4,1000,300,1627942268920654479
2021-08-03 01:02:11.916940 UTC,229.2,229.4,300,300,1627942268920654486
2021-08-03 01:02:11.916963 UTC,229.27,229.4,1000,300,1627942268920654487
2021-08-03 01:02:11.918138 UTC,229.2,229.4,300,300,1627942268920654490
2021-08-03 01:02:11.918157 UTC,229.26,229.4,1000,300,1627942268920654491
2021-08-03 01:02:11.918652 UTC,229.2,229.4,300,300,1627942268920654494
2021-08-03 01:02:11.918672 UTC,229.25,229.4,1000,300,1627942268920654495
2021-08-03 01:02:11.919045 UTC,229.2,229.4,300,300,1627942268920654498
2021-08-03 01:02:11.919064 UTC,229.26,229.4,1000,300,1627942268920654499
2021-08-03 01:02:12.003155 UTC,229.2,229.4,300,300,1627942268920654508
2021-08-03 01:02:12.003174 UTC,229.28,229.4,1000,300,1627942268920654509
2021-08-03 01:02:12.183240 UTC,229.2,229.4,300,300,1627942268920654516
2021-08-03 01:02:12.183260 UTC,229.27,229.4,1000,300,1627942268920654517
2021-08-03 01:02:15.342203 UTC,229.27,229.46,1000,1000,1627942268920654538
2021-08-03 01:02:15.342766 UTC,229.27,230.2,1000,300,1627942268920654539
2021-08-03 01:02:15.342785 UTC,229.27,229.47,1000,1000,1627942268920654540
2021-08-03 01:02:15.443254 UTC,229.27,229.4,1000,300,1627942268920654541
2021-08-03 01:02:18.939630 UTC,229.2,229.4,300,300,1627942268920654542
2021-08-03 01:02:18.939631 UTC,229.28,229.4,1000,300,1627942268920654543
2021-08-03 01:02:21.709737 UTC,229.2,229.4,300,300,1627942268920654544
2021-08-03 01:02:21.709755 UTC,229.29,229.4,1000,300,1627942268920654545
2021-08-03 01:02:22.209609 UTC,229.2,229.4,300,300,1627942268920654548
2021-08-03 01:02:22.209631 UTC,229.28,229.4,1000,300,1627942268920654549
2021-08-03 01:02:23.517757 UTC,229.28,229.47,1000,1000,1627942268920654550
2021-08-03 01:02:23.518785 UTC,229.2,229.47,300,1000,1627942268920654551
2021-08-03 01:02:23.518801 UTC,229.29,229.47,1000,1000,1627942268920654552
2021-08-03 01:02:23.518840 UTC,229.29,230.2,1000,300,1627942268920654553
2021-08-03 01:02:23.518862 UTC,229.29,229.54,1000,1000,1627942268920654554
2021-08-03 01:02:23.520181 UTC,229.2,229.54,300,1000,1627942268920654555
2021-08-03 01:02:23.520196 UTC,229.28,229.54,1000,1000,1627942268920654556
2021-08-03 01:02:23.520567 UTC,229.2,229.54,300,1000,1627942268920654557
2021-08-03 01:02:23.520583 UTC,229.29,229.54,1000,1000,1627942268920654558
2021-08-03 01:02:23.520940 UTC,229.2,229.54,300,1000,1627942268920654559
2021-08-03 01:02:23.520956 UTC,229.28,229.54,1000,1000,1627942268920654560
2021-08-03 01:02:23.666464 UTC,229.28,229.6,1000,300,1627942268920654562
2021-08-03 01:02:23.666482 UTC,229.28,229.48,1000,1000,1627942268920654563
2021-08-03 01:02:23.668020 UTC,229.28,229.6,1000,300,1627942268920654564
2021-08-03 01:02:23.668039 UTC,229.28,229.47,1000,1000,1627942268920654565
2021-08-03 01:02:23.823914 UTC,229.28,229.6,1000,300,1627942268920654566
2021-08-03 01:02:23.823931 UTC,229.28,229.48,1000,1000,1627942268920654567
2021-08-03 01:02:23.824286 UTC,229.28,229.6,1000,300,1627942268920654568
2021-08-03 01:02:23.824303 UTC,229.28,229.47,1000,1000,1627942268920654569
2021-08-03 01:02:23.897041 UTC,229.2,229.47,300,1000,1627942268920654570
2021-08-03 01:02:23.897082 UTC,229.29,229.47,1000,1000,1627942268920654571
2021-08-03 01:02:23.985343 UTC,229.29,229.6,1000,300,1627942268920654572
2021-08-03 01:02:23.985363 UTC,229.29,229.48,1000,1000,1627942268920654573
2021-08-03 01:02:24.611128 UTC,229.29,229.4,1000,300,1627942268920654574
2021-08-03 01:02:26.213877 UTC,229.29,229.48,1000,1000,1627942268920654575
2021-08-03 01:02:26.214434 UTC,229.2,229.48,300,1000,1627942268920654576
2021-08-03 01:02:26.214453 UTC,229.28,229.48,1000,1000,1627942268920654577
2021-08-03 01:02:26.545262 UTC,229.2,229.48,300,1000,1627942268920654578
2021-08-03 01:02:26.545282 UTC,229.29,229.48,1000,1000,1627942268920654579
2021-08-03 01:02:26.601406 UTC,229.29,229.4,1000,300,1627942268920654580
2021-08-03 01:02:27.505350 UTC,229.29,229.48,1000,1000,1627942268920654581
2021-08-03 01:02:27.976109 UTC,229.29,229.4,1000,300,1627942268920654582
2021-08-03 01:02:29.011005 UTC,229.29,229.48,1000,1000,1627942268920654583
2021-08-03 01:02:31.198664 UTC,229.29,229.4,1000,300,1627942268920654584
2021-08-03 01:02:31.256117 UTC,229.29,229.48,1000,1000,1627942268920654585
2021-08-03 01:02:31.370701 UTC,229.29,229.4,1000,300,1627942268920654586
2021-08-03 01:02:35.009003 UTC,229.2,229.4,300,300,1627942268920654587
2021-08-03 01:02:35.009024 UTC,229.28,229.4,1000,300,1627942268920654588
2021-08-03 01:02:39.005229 UTC,229.2,229.4,300,300,1627942268920654589
2021-08-03 01:02:39.005248 UTC,229.29,229.4,1000,300,1627942268920654590
2021-08-03 01:02:39.006729 UTC,228.4,229.4,300,300,1627942268920654592
2021-08-03 01:02:39.006749 UTC,229.28,229.4,1000,300,1627942268920654593
2021-08-03 01:02:39.007141 UTC,228.4,229.4,300,300,1627942268920654594
2021-08-03 01:02:39.007169 UTC,229.29,229.4,1000,300,1627942268920654595
2021-08-03 01:02:42.016942 UTC,229.2,229.4,300,300,1627942268920654597
2021-08-03 01:02:42.016962 UTC,229.28,229.4,1000,300,1627942268920654598
2021-08-03 01:02:44.174469 UTC,229.2,229.4,300,300,1627942268920654599
2021-08-03 01:02:44.174488 UTC,229.27,229.4,1000,300,1627942268920654600
2021-08-03 01:02:50.537478 UTC,229.2,229.4,300,300,1627942268920654603
2021-08-03 01:02:50.537497 UTC,229.28,229.4,1000,300,1627942268920654604
2021-08-03 01:02:50.538469 UTC,228.4,229.4,300,300,1627942268920654606
2021-08-03 01:02:50.538488 UTC,229.27,229.4,1000,300,1627942268920654607
2021-08-03 01:02:50.944178 UTC,229.2,229.4,300,300,1627942268920654609
2021-08-03 01:02:50.944198 UTC,229.28,229.4,1000,300,1627942268920654610
2021-08-03 01:02:51.193650 UTC,229.28,229.48,1000,1000,1627942268920654611
2021-08-03 01:02:57.207245 UTC,229.28,229.6,1000,300,1627942268920654612
2021-08-03 01:02:57.207264 UTC,229.28,229.47,1000,1000,1627942268920654613
2021-08-03 01:02:57.308788 UTC,229.28,229.4,1000,300,1627942268920654615
2021-08-03 01:02:59.241309 UTC,229.28,229.47,1000,1000,1627942268920654616
2021-08-03 01:02:59.719643 UTC,229.2,229.47,300,1000,1627942268920654618
2021-08-03 01:02:59.719664 UTC,229.29,229.47,1000,1000,1627942268920654619
2021-08-03 01:02:59.847332 UTC,229.29,229.4,1000,300,1627942268920654622
2021-08-03 01:03:01.944918 UTC,229.2,229.4,300,300,1627942268920654623
2021-08-03 01:03:01.944946 UTC,229.28,229.4,1000,300,1627942268920654624
2021-08-03 01:03:02.524277 UTC,229.2,229.4,300,300,1627942268920654625
2021-08-03 01:03:02.524297 UTC,229.27,229.4,1000,300,1627942268920654626
2021-08-03 01:03:02.789617 UTC,229.2,229.4,300,300,1627942268920654627
2021-08-03 01:03:02.789635 UTC,229.28,229.4,1000,300,1627942268920654628
2021-08-03 01:03:02.790945 UTC,229.2,229.4,300,300,1627942268920654629
2021-08-03 01:03:02.790962 UTC,229.27,229.4,1000,300,1627942268920654630
2021-08-03 01:03:02.791315 UTC,229.2,229.4,300,300,1627942268920654631
2021-08-03 01:03:02.791331 UTC,229.28,229.4,1000,300,1627942268920654632
2021-08-03 01:03:02.858367 UTC,229.2,229.4,300,300,1627942268920654633
2021-08-03 01:03:02.858384 UTC,229.27,229.4,1000,300,1627942268920654634
2021-08-03 01:03:06.512013 UTC,229.2,229.4,300,300,1627942268920654635
2021-08-03 01:03:06.512033 UTC,229.28,229.4,1000,300,1627942268920654636
2021-08-03 01:03:07.907587 UTC,229.2,229.4,300,300,1627942268920654639
2021-08-03 01:03:07.907607 UTC,229.29,229.4,1000,300,1627942268920654640
2021-08-03 01:03:08.794482 UTC,229.2,229.4,300,300,1627942268920654641
2021-08-03 01:03:08.794501 UTC,229.3,229.4,1000,300,1627942268920654642
2021-08-03 01:03:13.520476 UTC,229.3,229.47,1000,1000,1627942268920654643
2021-08-03 01:03:13.521034 UTC,229.2,229.47,300,1000,1627942268920654644
2021-08-03 01:03:13.521066 UTC,229.29,229.47,1000,1000,1627942268920654645
2021-08-03 01:03:13.567779 UTC,228.4,229.47,300,1000,1627942268920654647
2021-08-03 01:03:13.567798 UTC,229.28,229.47,1000,1000,1627942268920654648
2021-08-03 01:03:13.568132 UTC,228.4,229.47,300,1000,1627942268920654649
2021-08-03 01:03:13.568152 UTC,229.29,229.47,1000,1000,1627942268920654650
2021-08-03 01:03:13.867359 UTC,229.29,229.6,1000,300,1627942268920654652
2021-08-03 01:03:13.867380 UTC,229.29,229.48,1000,1000,1627942268920654653
2021-08-03 01:03:17.577165 UTC,229.29,229.4,1000,300,1627942268920654656
2021-08-03 01:03:17.580972 UTC,229.29,229.48,1000,1000,1627942268920654657
2021-08-03 01:03:18.197354 UTC,229.29,229.6,1000,300,1627942268920654658
2021-08-03 01:03:18.197374 UTC,229.29,229.47,1000,1000,1627942268920654659
2021-08-03 01:03:18.202651 UTC,229.29,229.6,1000,300,1627942268920654660
2021-08-03 01:03:18.202674 UTC,229.29,229.48,1000,1000,1627942268920654661
2021-08-03 01:03:18.291351 UTC,229.29,229.6,1000,300,1627942268920654662
2021-08-03 01:03:18.291371 UTC,229.29,229.49,1000,1000,1627942268920654663
2021-08-03 01:03:18.330582 UTC,229.2,229.49,300,1000,1627942268920654664
2021-08-03 01:03:18.330600 UTC,229.3,229.49,1000,1000,1627942268920654665
2021-08-03 01:03:19.990607 UTC,229.2,229.49,300,1000,1627942268920654666
2021-08-03 01:03:19.990650 UTC,229.24,229.49,1000,1000,1627942268920654667
2021-08-03 01:03:20.091056 UTC,229.24,229.4,1000,300,1627942268920654668
2021-08-03 01:03:20.271330 UTC,229.2,229.4,300,300,1627942268920654669
2021-08-03 01:03:20.271362 UTC,229.28,229.4,1000,300,1627942268920654670
2021-08-03 01:03:20.547269 UTC,229.2,229.4,300,300,1627942268920654673
2021-08-03 01:03:20.547288 UTC,229.29,229.4,1000,300,1627942268920654674
2021-08-03 01:03:21.010593 UTC,229.29,229.49,1000,1000,1627942268920654675
2021-08-03 01:03:21.511683 UTC,229.29,229.6,1000,300,1627942268920654676
2021-08-03 01:03:21.511702 UTC,229.29,229.48,1000,1000,1627942268920654677
2021-08-03 01:03:21.612690 UTC,229.29,229.4,1000,300,1627942268920654679
2021-08-03 01:03:21.939162 UTC,229.29,229.48,1000,1000,1627942268920654680
2021-08-03 01:03:24.324804 UTC,229.2,229.48,300,1000,1627942268920654682
2021-08-03 01:03:24.324843 UTC,229.3,229.48,1000,1000,1627942268920654683
2021-08-03 01:03:25.730719 UTC,229.3,229.6,1000,300,1627942268920654684
2021-08-03 01:03:25.730737 UTC,229.3,229.49,1000,1000,1627942268920654685
2021-08-03 01:03:26.361358 UTC,229.3,229.6,1000,300,1627942268920654686
2021-08-03 01:03:26.361377 UTC,229.3,229.48,1000,1000,1627942268920654687
2021-08-03 01:03:26.462757 UTC,229.3,229.4,1000,300,1627942268920654688
2021-08-03 01:03:26.505393 UTC,229.3,229.48,1000,1000,1627942268920654689
2021-08-03 01:03:26.587270 UTC,229.2,229.48,300,1000,1627942268920654690
2021-08-03 01:03:26.587287 UTC,229.29,229.48,1000,1000,1627942268920654691
2021-08-03 01:03:27.608902 UTC,229.29,229.4,1000,300,1627942268920654694
2021-08-03 01:03:28.302325 UTC,229.2,229.4,300,300,1627942268920654695
2021-08-03 01:03:28.302343 UTC,229.28,229.4,1000,300,1627942268920654696
2021-08-03 01:03:29.052423 UTC,229.28,229.48,1000,1000,1627942268920654697
2021-08-03 01:03:29.052616 UTC,229.2,229.48,300,1000,1627942268920654698
2021-08-03 01:03:29.052653 UTC,229.29,229.48,1000,1000,1627942268920654699
2021-08-03 01:03:31.103068 UTC,229.29,229.4,1000,300,1627942268920654700
2021-08-03 01:03:31.211422 UTC,229.29,229.48,1000,1000,1627942268920654701
2021-08-03 01:03:31.919388 UTC,229.29,229.4,1000,300,1627942268920654702
2021-08-03 01:03:32.198899 UTC,229.2,229.4,300,300,1627942268920654703
2021-08-03 01:03:32.198916 UTC,229.28,229.4,1000,300,1627942268920654704
2021-08-03 01:03:33.502325 UTC,229.2,229.4,300,300,1627942268920654707
2021-08-03 01:03:33.502345 UTC,229.27,229.4,1000,300,1627942268920654708
2021-08-03 01:03:37.515272 UTC,229.2,229.4,300,300,1627942268920654709
2021-08-03 01:03:37.515291 UTC,229.26,229.4,1000,300,1627942268920654710
2021-08-03 01:03:43.426758 UTC,229.2,229.4,300,300,1627942268920654713
2021-08-03 01:03:43.426777 UTC,229.25,229.4,1000,300,1627942268920654714
2021-08-03 01:03:45.471934 UTC,229.25,229.41,1000,1000,1627942268920654719
2021-08-03 01:03:45.473019 UTC,229.25,230.2,1000,300,1627942268920654721
2021-08-03 01:03:45.473039 UTC,229.25,229.42,1000,1000,1627942268920654722
2021-08-03 01:03:45.574151 UTC,229.25,229.4,1000,300,1627942268920654723
2021-08-03 01:03:45.608765 UTC,229.2,229.4,300,300,1627942268920654724
2021-08-03 01:03:45.608786 UTC,229.24,229.4,1000,300,1627942268920654725
2021-08-03 01:03:45.862568 UTC,229.2,229.4,300,300,1627942268920654732
2021-08-03 01:03:45.862588 UTC,229.23,229.4,1000,300,1627942268920654733
2021-08-03 01:03:45.925301 UTC,229.23,229.4,1000,1300,1627942268920654735
2021-08-03 01:03:46.194318 UTC,229.23,229.4,1000,300,1627942268920654736
2021-08-03 01:03:48.072978 UTC,229.23,229.4,1000,1300,1627942268920654739
2021-08-03 01:03:48.802273 UTC,229.23,229.4,1000,300,1627942268920654740
2021-08-03 01:03:51.518713 UTC,229.23,229.4,1000,1300,1627942268920654743
2021-08-03 01:03:51.518825 UTC,229.23,229.4,1000,1000,1627942268920654744
2021-08-03 01:03:51.619461 UTC,229.23,229.4,1000,1300,1627942268920654745
2021-08-03 01:03:52.048166 UTC,229.23,229.4,1000,300,1627942268920654746
2021-08-03 01:03:52.049578 UTC,229.23,229.4,1000,1300,1627942268920654749
2021-08-03 01:03:52.050725 UTC,229.2,229.4,300,1300,1627942268920654750
2021-08-03 01:03:52.050740 UTC,229.22,229.4,1000,1300,1627942268920654751
2021-08-03 01:03:53.513652 UTC,229.22,229.4,1000,300,1627942268920654752
2021-08-03 01:03:53.513741 UTC,229.2,229.4,300,300,1627942268920654754
2021-08-03 01:03:53.513777 UTC,229.23,229.4,1000,300,1627942268920654755
2021-08-03 01:03:53.515268 UTC,229.23,229.4,1000,1300,1627942268920654758
2021-08-03 01:03:53.516609 UTC,229.23,229.4,1000,300,1627942268920654759
2021-08-03 01:03:53.517004 UTC,229.23,229.4,1000,1300,1627942268920654762
2021-08-03 01:03:53.746218 UTC,229.23,229.4,1000,300,1627942268920654764
2021-08-03 01:03:54.001616 UTC,229.2,229.4,300,300,1627942268920654768
2021-08-03 01:03:54.001635 UTC,229.24,229.4,1000,300,1627942268920654769
2021-08-03 01:03:54.002878 UTC,229.2,229.4,300,300,1627942268920654770
2021-08-03 01:03:54.002897 UTC,229.23,229.4,1000,300,1627942268920654771
2021-08-03 01:03:54.610478 UTC,229.2,229.4,300,300,1627942268920654776
2021-08-03 01:03:54.610496 UTC,229.24,229.4,1000,300,1627942268920654777
2021-08-03 01:03:56.664400 UTC,229.24,229.43,1000,1000,1627942268920654786
2021-08-03 01:03:56.764971 UTC,229.24,229.4,1000,300,1627942268920654787
2021-08-03 01:03:57.511647 UTC,229.2,229.4,300,300,1627942268920654788
2021-08-03 01:03:57.511665 UTC,229.25,229.4,1000,300,1627942268920654789
2021-08-03 01:03:58.523951 UTC,229.2,229.4,300,300,1627942268920654796
2021-08-03 01:03:58.523971 UTC,229.26,229.4,1000,300,1627942268920654797
2021-08-03 01:04:01.343181 UTC,229.2,229.4,300,300,1627942268920654818
2021-08-03 01:04:01.343196 UTC,229.25,229.4,1000,300,1627942268920654819
2021-08-03 01:04:01.517245 UTC,229.2,229.4,300,300,1627942268920654826
2021-08-03 01:04:01.517264 UTC,229.26,229.4,1000,300,1627942268920654827
2021-08-03 01:04:01.610839 UTC,229.2,229.4,300,300,1627942268920654842
2021-08-03 01:04:01.610857 UTC,229.27,229.4,1000,300,1627942268920654843
2021-08-03 01:04:01.693028 UTC,229.2,229.4,300,300,1627942268920654850
2021-08-03 01:04:01.693048 UTC,229.26,229.4,1000,300,1627942268920654851
2021-08-03 01:04:01.823001 UTC,229.26,229.42,1000,1000,1627942268920654860
2021-08-03 01:04:01.823746 UTC,229.2,229.42,300,1000,1627942268920654861
2021-08-03 01:04:01.823765 UTC,229.25,229.42,1000,1000,1627942268920654862
2021-08-03 01:04:01.923552 UTC,229.25,229.4,1000,300,1627942268920654863
2021-08-03 01:04:01.925839 UTC,229.2,229.4,300,300,1627942268920654866
2021-08-03 01:04:01.925858 UTC,229.24,229.4,1000,300,1627942268920654867
2021-08-03 01:04:02.014619 UTC,229.2,229.4,300,300,1627942268920654868
2021-08-03 01:04:02.014652 UTC,229.23,229.4,1000,300,1627942268920654869
2021-08-03 01:04:02.014892 UTC,229.23,229.4,1000,1300,1627942268920654871
2021-08-03 01:04:02.015742 UTC,229.23,229.4,1000,300,1627942268920654873
2021-08-03 01:04:02.017543 UTC,229.23,229.4,1000,1300,1627942268920654880
2021-08-03 01:04:02.017577 UTC,229.2,229.4,45,1300,1627942268920654881
2021-08-03 01:04:02.017592 UTC,229.22,229.4,1000,1300,1627942268920654882
2021-08-03 01:04:02.017993 UTC,229.2,229.4,45,1300,1627942268920654883
2021-08-03 01:04:02.018008 UTC,229.23,229.4,1000,1300,1627942268920654884
2021-08-03 01:04:02.246495 UTC,229.2,229.4,45,1300,1627942268920654885
2021-08-03 01:04:02.246521 UTC,229.22,229.4,1000,1300,1627942268920654886
2021-08-03 01:04:02.709741 UTC,229.22,229.4,1000,300,1627942268920654887
2021-08-03 01:04:02.711173 UTC,229.22,229.4,1000,1300,1627942268920654890
2021-08-03 01:04:03.097845 UTC,229.22,229.4,1000,300,1627942268920654892
2021-08-03 01:04:03.136910 UTC,229.22,229.4,1000,1300,1627942268920654895
2021-08-03 01:04:04.786048 UTC,229.2,229.4,45,1300,1627942268920654897
2021-08-03 01:04:04.786098 UTC,229.21,229.4,1000,1300,1627942268920654898
2021-08-03 01:04:04.786427 UTC,229.2,229.4,45,1300,1627942268920654899
2021-08-03 01:04:04.786466 UTC,229.22,229.4,1000,1300,1627942268920654900
2021-08-03 01:04:06.291755 UTC,229.22,229.4,1000,300,1627942268920654902
2021-08-03 01:04:06.292240 UTC,229.22,229.4,1000,1300,1627942268920654905
2021-08-03 01:04:08.508012 UTC,229.22,229.4,1000,300,1627942268920654906
2021-08-03 01:04:08.508140 UTC,229.22,229.41,1000,1000,1627942268920654908
2021-08-03 01:04:08.609045 UTC,229.22,229.4,1000,300,1627942268920654909
2021-08-03 01:04:08.609539 UTC,229.22,229.4,1000,1300,1627942268920654911
2021-08-03 01:04:08.848042 UTC,229.22,229.4,1000,300,1627942268920654912
2021-08-03 01:04:08.858810 UTC,229.2,229.4,300,300,1627942268920654914
2021-08-03 01:04:08.858827 UTC,229.23,229.4,1000,300,1627942268920654915
2021-08-03 01:04:11.062069 UTC,229.23,229.4,1000,1300,1627942268920654917
2021-08-03 01:04:11.063367 UTC,229.23,229.4,1000,300,1627942268920654918
2021-08-03 01:04:11.332565 UTC,229.23,229.4,1000,1300,1627942268920654921
2021-08-03 01:04:11.646047 UTC,229.2,229.4,300,1300,1627942268920654922
2021-08-03 01:04:11.646072 UTC,229.22,229.4,1000,1300,1627942268920654923
2021-08-03 01:04:11.647263 UTC,229.22,229.4,1000,300,1627942268920654926
2021-08-03 01:04:11.867070 UTC,229.22,229.4,1000,1300,1627942268920654930
2021-08-03 01:04:16.019015 UTC,229.22,229.4,1000,300,1627942268920654931
2021-08-03 01:04:16.019145 UTC,229.22,229.41,1000,1000,1627942268920654933
2021-08-03 01:04:16.119468 UTC,229.22,229.4,1000,300,1627942268920654934
2021-08-03 01:04:16.245662 UTC,229.22,229.4,1000,1300,1627942268920654936
2021-08-03 01:04:18.044402 UTC,229.2,229.4,45,1300,1627942268920654938
2021-08-03 01:04:18.044423 UTC,229.21,229.4,1000,1300,1627942268920654939
2021-08-03 01:04:22.227658 UTC,229.21,229.4,1000,300,1627942268920654944
2021-08-03 01:04:22.227785 UTC,229.21,229.41,1000,1000,1627942268920654946
2021-08-03 01:04:22.328372 UTC,229.21,229.4,1000,300,1627942268920654947
2021-08-03 01:04:22.485382 UTC,229.21,229.4,1000,1300,1627942268920654949
2021-08-03 01:04:22.486760 UTC,229.2,229.4,300,1300,1627942268920654950
2021-08-03 01:04:22.486780 UTC,229.22,229.4,1000,1300,1627942268920654951
2021-08-03 01:04:23.013433 UTC,229.22,229.4,1000,300,1627942268920654952
2021-08-03 01:04:24.686078 UTC,229.2,229.4,300,300,1627942268920654954
2021-08-03 01:04:24.686098 UTC,229.23,229.4,1000,300,1627942268920654955
2021-08-03 01:04:24.687333 UTC,229.23,229.4,1000,1300,1627942268920654957
2021-08-03 01:04:24.919533 UTC,229.23,229.4,1000,300,1627942268920654958
2021-08-03 01:04:26.356570 UTC,229.23,229.4,1000,1300,1627942268920654961
2021-08-03 01:04:30.020954 UTC,229.2,229.4,300,1300,1627942268920654962
2021-08-03 01:04:30.020990 UTC,229.22,229.4,1000,1300,1627942268920654963
2021-08-03 01:04:30.033374 UTC,229.22,229.4,1000,300,1627942268920654966
2021-08-03 01:04:30.033500 UTC,229.22,229.41,1000,1000,1627942268920654968
2021-08-03 01:04:30.133696 UTC,229.22,229.4,1000,300,1627942268920654970
2021-08-03 01:04:30.350907 UTC,229.22,229.4,1000,1300,1627942268920654972
2021-08-03 01:04:33.340145 UTC,229.22,229.4,1000,300,1627942268920654976
2021-08-03 01:04:33.341533 UTC,229.22,229.4,1000,1300,1627942268920654979
2021-08-03 01:04:33.586228 UTC,229.22,229.4,1000,300,1627942268920654980
2021-08-03 01:04:37.511215 UTC,229.2,229.4,300,300,1627942268920654982
2021-08-03 01:04:37.511236 UTC,229.23,229.4,1000,300,1627942268920654983
2021-08-03 01:04:37.631043 UTC,229.23,229.42,1000,1000,1627942268920654989
2021-08-03 01:04:37.731159 UTC,229.23,229.4,1000,300,1627942268920654990
2021-08-03 01:04:38.004946 UTC,229.2,229.4,300,300,1627942268920654995
2021-08-03 01:04:38.004967 UTC,229.24,229.4,1000,300,1627942268920654996
2021-08-03 01:04:39.783653 UTC,229.2,229.4,300,300,1627942268920655003
2021-08-03 01:04:39.783673 UTC,229.23,229.4,1000,300,1627942268920655004
2021-08-03 01:04:49.133325 UTC,229.23,229.41,1000,1000,1627942268920655019
2021-08-03 01:04:49.233611 UTC,229.23,229.4,1000,300,1627942268920655020
2021-08-03 01:04:51.423308 UTC,229.2,229.4,300,300,1627942268920655025
2021-08-03 01:04:51.423339 UTC,229.24,229.4,1000,300,1627942268920655026
2021-08-03 01:04:51.452533 UTC,229.24,229.4,1000,1300,1627942268920655031
2021-08-03 01:04:51.453774 UTC,229.24,229.4,1000,300,1627942268920655032
2021-08-03 01:04:54.352516 UTC,229.24,229.42,1000,1000,1627942268920655045
2021-08-03 01:04:54.453461 UTC,229.24,229.4,1000,300,1627942268920655046
2021-08-03 01:05:00.309852 UTC,229.24,229.42,1000,1000,1627942268920655063
2021-08-03 01:05:00.409989 UTC,229.24,229.4,1000,300,1627942268920655064
2021-08-03 01:05:01.022726 UTC,229.2,229.4,300,300,1627942268920655067
2021-08-03 01:05:01.022743 UTC,229.23,229.4,1000,300,1627942268920655068
2021-08-03 01:05:01.023143 UTC,228.4,229.4,300,300,1627942268920655072
2021-08-03 01:05:01.023175 UTC,229.24,229.4,1000,300,1627942268920655073
2021-08-03 01:05:01.506996 UTC,229.24,229.4,1000,1300,1627942268920655082
2021-08-03 01:05:01.508094 UTC,229.24,229.4,1000,300,1627942268920655083
2021-08-03 01:05:01.634558 UTC,229.2,229.4,300,300,1627942268920655085
2021-08-03 01:05:01.634574 UTC,229.23,229.4,1000,300,1627942268920655086
2021-08-03 01:05:01.634774 UTC,229.23,229.4,1000,1300,1627942268920655088
2021-08-03 01:05:01.635988 UTC,229.23,229.4,1000,300,1627942268920655090
2021-08-03 01:05:01.861698 UTC,229.23,229.4,1000,1300,1627942268920655097
2021-08-03 01:05:01.864142 UTC,229.2,229.4,45,1300,1627942268920655098
2021-08-03 01:05:01.864162 UTC,229.22,229.4,1000,1300,1627942268920655099
2021-08-03 01:05:02.742635 UTC,229.2,229.4,45,1300,1627942268920655100
2021-08-03 01:05:02.742660 UTC,229.21,229.4,1000,1300,1627942268920655101
2021-08-03 01:05:02.743011 UTC,229.2,229.4,45,1300,1627942268920655102
2021-08-03 01:05:02.743053 UTC,229.22,229.4,1000,1300,1627942268920655103
2021-08-03 01:05:03.065361 UTC,229.2,229.4,45,1300,1627942268920655104
2021-08-03 01:05:03.065379 UTC,229.21,229.4,1000,1300,1627942268920655105
2021-08-03 01:05:05.187724 UTC,229.0,229.4,300,1300,1627942268920655108
2021-08-03 01:05:05.187741 UTC,229.2,229.4,1000,1300,1627942268920655109
2021-08-03 01:05:07.199338 UTC,229.2,229.4,1000,300,1627942268920655110
2021-08-03 01:05:07.199355 UTC,229.2,229.39,1000,1000,1627942268920655111
2021-08-03 01:05:07.299672 UTC,229.2,229.39,1045,1000,1627942268920655113
2021-08-03 01:05:09.015326 UTC,229.2,229.39,1000,1000,1627942268920655115
2021-08-03 01:05:09.594587 UTC,229.2,229.4,1000,300,1627942268920655116
2021-08-03 01:05:09.594608 UTC,229.2,229.38,1000,1000,1627942268920655117
2021-08-03 01:05:09.785278 UTC,229.2,229.38,1045,1000,1627942268920655118
2021-08-03 01:05:09.801081 UTC,229.2,229.38,1000,1000,1627942268920655119
2021-08-03 01:05:12.586791 UTC,229.0,229.38,300,1000,1627942268920655120
2021-08-03 01:05:12.586830 UTC,229.13,229.38,1000,1000,1627942268920655121
2021-08-03 01:05:12.705419 UTC,229.0,229.38,300,1000,1627942268920655124
2021-08-03 01:05:12.705439 UTC,229.17,229.38,1000,1000,1627942268920655125
2021-08-03 01:05:12.706678 UTC,229.0,229.38,300,1000,1627942268920655126
2021-08-03 01:05:12.706696 UTC,229.18,229.38,1000,1000,1627942268920655127
2021-08-03 01:05:12.806155 UTC,229.0,229.38,300,1000,1627942268920655128
2021-08-03 01:05:12.806194 UTC,229.19,229.38,1000,1000,1627942268920655129
2021-08-03 01:05:17.006649 UTC,229.0,229.38,300,1000,1627942268920655130
2021-08-03 01:05:17.006670 UTC,229.2,229.38,1000,1000,1627942268920655131
2021-08-03 01:05:17.108263 UTC,229.2,229.38,1045,1000,1627942268920655132
2021-08-03 01:05:19.597892 UTC,229.2,229.38,1000,1000,1627942268920655133
2021-08-03 01:05:19.598493 UTC,229.0,229.38,300,1000,1627942268920655134
2021-08-03 01:05:19.598512 UTC,229.19,229.38,1000,1000,1627942268920655135
2021-08-03 01:05:19.598898 UTC,228.4,229.38,300,1000,1627942268920655137
2021-08-03 01:05:19.598915 UTC,229.2,229.38,1000,1000,1627942268920655138
2021-08-03 01:05:19.881157 UTC,229.0,229.38,300,1000,1627942268920655140
2021-08-03 01:05:19.881177 UTC,229.19,229.38,1000,1000,1627942268920655141
2021-08-03 01:05:25.515535 UTC,229.19,229.4,1000,300,1627942268920655142
2021-08-03 01:05:25.515572 UTC,229.19,229.37,1000,1000,1627942268920655143
2021-08-03 01:05:25.516827 UTC,229.19,230.2,1000,300,1627942268920655145
2021-08-03 01:05:25.516844 UTC,229.19,229.36,1000,1000,1627942268920655146
2021-08-03 01:05:25.516870 UTC,229.0,229.36,300,1000,1627942268920655147
2021-08-03 01:05:25.516889 UTC,229.18,229.36,1000,1000,1627942268920655148
2021-08-03 01:05:25.518199 UTC,229.18,230.2,1000,300,1627942268920655150
2021-08-03 01:05:25.518217 UTC,229.18,229.37,1000,1000,1627942268920655151
2021-08-03 01:05:25.518235 UTC,228.4,229.37,300,1000,1627942268920655152
2021-08-03 01:05:25.518271 UTC,229.19,229.37,1000,1000,1627942268920655153
2021-08-03 01:05:25.519642 UTC,228.4,229.37,300,1000,1627942268920655154
2021-08-03 01:05:25.519662 UTC,229.18,229.37,1000,1000,1627942268920655155
2021-08-03 01:05:26.267547 UTC,229.0,229.37,300,1000,1627942268920655158
2021-08-03 01:05:26.267570 UTC,229.17,229.37,1000,1000,1627942268920655159
2021-08-03 01:05:28.732070 UTC,229.17,229.4,1000,300,1627942268920655160
2021-08-03 01:05:28.732090 UTC,229.17,229.36,1000,1000,1627942268920655161
2021-08-03 01:05:35.517283 UTC,229.17,229.4,1000,300,1627942268920655162
2021-08-03 01:05:35.517299 UTC,229.17,229.35,1000,1000,1627942268920655163
2021-08-03 01:05:37.698750 UTC,229.17,229.4,1000,300,1627942268920655166
2021-08-03 01:05:37.698771 UTC,229.17,229.36,1000,1000,1627942268920655167
2021-08-03 01:05:37.698809 UTC,229.0,229.36,300,1000,1627942268920655168
2021-08-03 01:05:37.698828 UTC,229.18,229.36,1000,1000,1627942268920655169
2021-08-03 01:05:37.700245 UTC,228.2,229.36,300,1000,1627942268920655172
2021-08-03 01:05:37.700263 UTC,229.17,229.36,1000,1000,1627942268920655173
2021-08-03 01:05:37.700635 UTC,228.2,229.36,300,1000,1627942268920655174
2021-08-03 01:05:37.700661 UTC,229.18,229.36,1000,1000,1627942268920655175
2021-08-03 01:05:40.353185 UTC,229.18,229.4,1000,300,1627942268920655177
2021-08-03 01:05:40.353216 UTC,229.18,229.37,1000,1000,1627942268920655178
2021-08-03 01:05:40.353626 UTC,229.18,229.4,1000,300,1627942268920655179
2021-08-03 01:05:40.353650 UTC,229.18,229.36,1000,1000,1627942268920655180
2021-08-03 01:05:40.829017 UTC,229.18,229.4,1000,300,1627942268920655181
2021-08-03 01:05:40.829035 UTC,229.18,229.37,1000,1000,1627942268920655182
2021-08-03 01:05:47.444427 UTC,229.18,229.4,1000,300,1627942268920655185
2021-08-03 01:05:47.444470 UTC,229.18,229.36,1000,1000,1627942268920655186
2021-08-03 01:05:48.698075 UTC,229.0,229.36,300,1000,1627942268920655189
2021-08-03 01:05:48.698093 UTC,229.17,229.36,1000,1000,1627942268920655190
2021-08-03 01:05:48.698472 UTC,228.2,229.36,300,1000,1627942268920655192
2021-08-03 01:05:48.698491 UTC,229.18,229.36,1000,1000,1627942268920655193
2021-08-03 01:05:49.029145 UTC,229.0,229.36,300,1000,1627942268920655195
2021-08-03 01:05:49.029163 UTC,229.17,229.36,1000,1000,1627942268920655196
2021-08-03 01:05:49.029530 UTC,229.0,229.36,300,1000,1627942268920655197
2021-08-03 01:05:49.029546 UTC,229.18,229.36,1000,1000,1627942268920655198
2021-08-03 01:05:55.517743 UTC,229.0,229.36,300,1000,1627942268920655199
2021-08-03 01:05:55.517761 UTC,229.17,229.36,1000,1000,1627942268920655200
2021-08-03 01:05:55.518117 UTC,228.2,229.36,300,1000,1627942268920655202
2021-08-03 01:05:55.518135 UTC,229.18,229.36,1000,1000,1627942268920655203
2021-08-03 01:05:56.138890 UTC,229.0,229.36,300,1000,1627942268920655205
2021-08-03 01:05:56.138910 UTC,229.17,229.36,1000,1000,1627942268920655206
2021-08-03 01:06:00.891141 UTC,229.0,229.36,300,1000,1627942268920655207
2021-08-03 01:06:00.891161 UTC,229.16,229.36,1000,1000,1627942268920655208
2021-08-03 01:06:02.630895 UTC,229.16,229.4,1000,300,1627942268920655209
2021-08-03 01:06:02.630915 UTC,229.16,229.35,1000,1000,1627942268920655210
2021-08-03 01:06:26.439683 UTC,229.0,229.35,300,1000,1627942268920655213
2021-08-03 01:06:26.439702 UTC,229.15,229.35,1000,1000,1627942268920655214
2021-08-03 01:06:35.528176 UTC,229.15,229.4,1000,300,1627942268920655217
2021-08-03 01:06:35.528196 UTC,229.15,229.34,1000,1000,1627942268920655218
2021-08-03 01:06:46.418504 UTC,229.0,229.34,300,1000,1627942268920655221
2021-08-03 01:06:46.418524 UTC,229.14,229.34,1000,1000,1627942268920655222
2021-08-03 01:06:46.418700 UTC,229.14,229.4,1000,300,1627942268920655224
2021-08-03 01:06:46.418718 UTC,229.14,229.33,1000,1000,1627942268920655225
2021-08-03 01:06:46.440586 UTC,228.2,229.33,300,1000,1627942268920655226
2021-08-03 01:06:46.440650 UTC,229.07,229.33,1000,1000,1627942268920655227
2021-08-03 01:06:46.440651 UTC,229.07,229.4,1000,300,1627942268920655228
2021-08-03 01:06:46.440677 UTC,229.07,229.32,1000,1000,1627942268920655229
2021-08-03 01:06:46.440999 UTC,229.07,230.2,1000,300,1627942268920655231
2021-08-03 01:06:46.441017 UTC,229.07,229.31,1000,1000,1627942268920655232
2021-08-03 01:06:46.442065 UTC,228.2,229.31,300,1000,1627942268920655233
2021-08-03 01:06:46.442084 UTC,229.08,229.31,1000,1000,1627942268920655234
2021-08-03 01:06:46.442121 UTC,229.08,230.2,1000,300,1627942268920655235
2021-08-03 01:06:46.442145 UTC,229.08,229.34,1000,1000,1627942268920655236
2021-08-03 01:06:46.442571 UTC,229.08,230.2,1000,300,1627942268920655237
2021-08-03 01:06:46.442610 UTC,229.08,229.33,1000,1000,1627942268920655238
2021-08-03 01:06:46.541474 UTC,228.2,229.33,300,1000,1627942268920655239
2021-08-03 01:06:46.541493 UTC,229.13,229.33,1000,1000,1627942268920655240
2021-08-03 01:06:46.555403 UTC,228.2,229.33,300,1000,1627942268920655242
2021-08-03 01:06:46.555422 UTC,229.08,229.33,1000,1000,1627942268920655243
2021-08-03 01:06:46.555473 UTC,229.08,229.4,1000,300,1627942268920655244
2021-08-03 01:06:46.555492 UTC,229.08,229.31,1000,1000,1627942268920655245
2021-08-03 01:06:46.555803 UTC,228.2,229.31,300,1000,1627942268920655246
2021-08-03 01:06:46.555822 UTC,229.06,229.31,1000,1000,1627942268920655247
2021-08-03 01:06:46.555872 UTC,229.06,229.4,1000,300,1627942268920655248
2021-08-03 01:06:46.555910 UTC,229.06,229.32,1000,1000,1627942268920655249
2021-08-03 01:06:46.556238 UTC,229.06,229.4,1000,300,1627942268920655250
2021-08-03 01:06:46.556256 UTC,229.06,229.31,1000,1000,1627942268920655251
2021-08-03 01:06:46.557061 UTC,229.06,229.4,1000,300,1627942268920655252
2021-08-03 01:06:46.557080 UTC,229.06,229.32,1000,1000,1627942268920655253
2021-08-03 01:06:46.558927 UTC,229.06,229.4,1000,300,1627942268920655254
2021-08-03 01:06:46.558946 UTC,229.06,229.33,1000,1000,1627942268920655255
2021-08-03 01:06:46.665138 UTC,229.0,229.33,300,1000,1627942268920655257
2021-08-03 01:06:46.665158 UTC,229.12,229.33,1000,1000,1627942268920655258
2021-08-03 01:06:46.666301 UTC,229.0,229.33,300,1000,1627942268920655259
2021-08-03 01:06:46.666321 UTC,229.13,229.33,1000,1000,1627942268920655260
2021-08-03 01:06:46.673514 UTC,229.0,229.33,300,1000,1627942268920655261
2021-08-03 01:06:46.673534 UTC,229.14,229.33,1000,1000,1627942268920655262
2021-08-03 01:06:46.725031 UTC,229.0,229.33,300,1000,1627942268920655263
2021-08-03 01:06:46.725050 UTC,229.13,229.33,1000,1000,1627942268920655264
2021-08-03 01:06:46.733730 UTC,229.13,229.4,1000,300,1627942268920655265
2021-08-03 01:06:46.733772 UTC,229.0,229.4,300,300,1627942268920655266
2021-08-03 01:06:51.541604 UTC,229.0,230.2,300,300,1627942268920655267
2021-08-03 01:06:51.642531 UTC,229.0,230.0,300,300,1627942268920655268
2021-08-03 01:06:51.655767 UTC,228.2,230.0,300,300,1627942268920655269
2021-08-03 01:06:55.289697 UTC,229.07,230.0,1000,300,1627942268920655270
2021-08-03 01:06:55.291400 UTC,229.07,229.29,1000,1000,1627942268920655271
2021-08-03 01:06:55.392052 UTC,229.07,229.2,1000,300,1627942268920655273
2021-08-03 01:06:55.513119 UTC,229.0,229.2,300,300,1627942268920655274
2021-08-03 01:06:55.513143 UTC,229.08,229.2,1000,300,1627942268920655275
2021-08-03 01:06:55.521126 UTC,229.08,229.29,1000,1000,1627942268920655276
2021-08-03 01:06:55.521586 UTC,229.08,230.0,1000,300,1627942268920655277
2021-08-03 01:06:55.521605 UTC,229.08,229.28,1000,1000,1627942268920655278
2021-08-03 01:06:55.622531 UTC,229.08,229.2,1000,300,1627942268920655279
2021-08-03 01:06:57.123203 UTC,229.0,229.2,300,300,1627942268920655280
2021-08-03 01:06:57.123225 UTC,229.07,229.2,1000,300,1627942268920655281
2021-08-03 01:06:57.123563 UTC,229.0,229.2,300,300,1627942268920655282
2021-08-03 01:06:57.123582 UTC,229.08,229.2,1000,300,1627942268920655283
2021-08-03 01:06:57.123912 UTC,229.0,229.2,300,300,1627942268920655284
2021-08-03 01:06:57.123931 UTC,229.07,229.2,1000,300,1627942268920655285
2021-08-03 01:06:57.124711 UTC,229.0,229.2,300,300,1627942268920655286
2021-08-03 01:06:57.124747 UTC,229.08,229.2,1000,300,1627942268920655287
2021-08-03 01:06:59.545588 UTC,229.0,229.2,300,300,1627942268920655288
2021-08-03 01:06:59.545604 UTC,229.09,229.2,1000,300,1627942268920655289
2021-08-03 01:07:01.021215 UTC,229.0,229.2,300,300,1627942268920655290
2021-08-03 01:07:01.021242 UTC,229.08,229.2,1000,300,1627942268920655291
2021-08-03 01:07:01.021703 UTC,229.0,229.2,300,300,1627942268920655292
2021-08-03 01:07:01.021720 UTC,229.09,229.2,1000,300,1627942268920655293
2021-08-03 01:07:01.465777 UTC,229.0,229.2,300,300,1627942268920655296
2021-08-03 01:07:01.465796 UTC,229.08,229.2,1000,300,1627942268920655297
2021-08-03 01:07:02.007522 UTC,229.0,229.2,300,300,1627942268920655298
2021-08-03 01:07:02.007540 UTC,229.07,229.2,1000,300,1627942268920655299
2021-08-03 01:07:02.007956 UTC,229.0,229.2,300,300,1627942268920655300
2021-08-03 01:07:02.007984 UTC,229.08,229.2,1000,300,1627942268920655301
2021-08-03 01:07:02.232457 UTC,229.0,229.2,300,300,1627942268920655302
2021-08-03 01:07:02.232493 UTC,229.07,229.2,1000,300,1627942268920655303
2021-08-03 01:07:05.921073 UTC,229.0,229.2,300,300,1627942268920655304
2021-08-03 01:07:05.921111 UTC,229.06,229.2,1000,300,1627942268920655305
2021-08-03 01:07:05.921449 UTC,229.0,229.2,300,300,1627942268920655306
2021-08-03 01:07:05.921468 UTC,229.07,229.2,1000,300,1627942268920655307
2021-08-03 01:07:05.922650 UTC,229.0,229.2,300,300,1627942268920655308
2021-08-03 01:07:05.922685 UTC,229.06,229.2,1000,300,1627942268920655309
2021-08-03 01:07:05.922971 UTC,229.0,229.2,300,300,1627942268920655310
2021-08-03 01:07:05.923005 UTC,229.07,229.2,1000,300,1627942268920655311
2021-08-03 01:07:09.679734 UTC,229.0,229.2,300,300,1627942268920655312
2021-08-03 01:07:09.679752 UTC,229.08,229.2,1000,300,1627942268920655313
2021-08-03 01:07:21.058690 UTC,229.0,229.2,300,300,1627942268920655316
2021-08-03 01:07:21.058709 UTC,229.07,229.2,1000,300,1627942268920655317
2021-08-03 01:07:21.060070 UTC,228.2,229.2,300,300,1627942268920655319
2021-08-03 01:07:21.060088 UTC,229.08,229.2,1000,300,1627942268920655320
2021-08-03 01:07:21.060607 UTC,228.2,229.2,300,300,1627942268920655321
2021-08-03 01:07:21.060626 UTC,229.07,229.2,1000,300,1627942268920655322
2021-08-03 01:07:22.240365 UTC,229.0,229.2,300,300,1627942268920655324
2021-08-03 01:07:22.240384 UTC,229.08,229.2,1000,300,1627942268920655325
2021-08-03 01:07:22.289125 UTC,229.0,229.2,300,300,1627942268920655326
2021-08-03 01:07:22.289143 UTC,229.07,229.2,1000,300,1627942268920655327
2021-08-03 01:07:22.461700 UTC,229.0,229.2,300,300,1627942268920655328
2021-08-03 01:07:22.461733 UTC,229.08,229.2,1000,300,1627942268920655329
2021-08-03 01:07:23.665408 UTC,229.0,229.2,300,300,1627942268920655330
2021-08-03 01:07:23.665428 UTC,229.09,229.2,1000,300,1627942268920655331
2021-08-03 01:07:25.253998 UTC,229.0,229.2,300,300,1627942268920655332
2021-08-03 01:07:25.254017 UTC,229.1,229.2,1000,300,1627942268920655333
2021-08-03 01:07:25.254739 UTC,229.1,229.28,1000,1000,1627942268920655334
2021-08-03 01:07:25.255278 UTC,229.0,229.28,300,1000,1627942268920655335
2021-08-03 01:07:25.255297 UTC,229.09,229.28,1000,1000,1627942268920655336
2021-08-03 01:07:26.511320 UTC,229.09,229.4,1000,300,1627942268920655338
2021-08-03 01:07:26.511340 UTC,229.09,229.29,1000,1000,1627942268920655339
2021-08-03 01:07:31.276671 UTC,229.0,229.29,300,1000,1627942268920655340
2021-08-03 01:07:31.276707 UTC,229.1,229.29,1000,1000,1627942268920655341
2021-08-03 01:07:31.277190 UTC,228.2,229.29,300,1000,1627942268920655343
2021-08-03 01:07:31.277209 UTC,229.11,229.29,1000,1000,1627942268920655344
2021-08-03 01:07:31.307650 UTC,228.2,229.29,300,1000,1627942268920655345
2021-08-03 01:07:31.307668 UTC,229.1,229.29,1000,1000,1627942268920655346
2021-08-03 01:07:31.312664 UTC,229.1,229.2,1000,300,1627942268920655347
2021-08-03 01:07:31.892629 UTC,229.1,229.29,1000,1000,1627942268920655349
2021-08-03 01:07:32.394547 UTC,229.1,229.4,1000,300,1627942268920655350
2021-08-03 01:07:32.394566 UTC,229.1,229.3,1000,1000,1627942268920655351
2021-08-03 01:07:32.474751 UTC,229.0,229.3,300,1000,1627942268920655354
2021-08-03 01:07:32.474770 UTC,229.11,229.3,1000,1000,1627942268920655355
2021-08-03 01:07:32.488053 UTC,229.11,230.2,1000,300,1627942268920655356
2021-08-03 01:07:32.488097 UTC,229.11,229.31,1000,1000,1627942268920655357
2021-08-03 01:07:43.011315 UTC,229.11,229.4,1000,300,1627942268920655359
2021-08-03 01:07:43.011331 UTC,229.11,229.32,1000,1000,1627942268920655360
2021-08-03 01:07:43.011680 UTC,229.11,230.2,1000,300,1627942268920655362
2021-08-03 01:07:43.011698 UTC,229.11,229.31,1000,1000,1627942268920655363
2021-08-03 01:07:43.258465 UTC,229.11,229.4,1000,300,1627942268920655365
2021-08-03 01:07:43.258481 UTC,229.11,229.32,1000,1000,1627942268920655366
2021-08-03 01:07:46.948990 UTC,229.0,229.32,300,1000,1627942268920655367
2021-08-03 01:07:46.949012 UTC,229.12,229.32,1000,1000,1627942268920655368
2021-08-03 01:07:56.462829 UTC,229.12,229.4,1000,300,1627942268920655371
2021-08-03 01:07:56.462850 UTC,229.12,229.31,1000,1000,1627942268920655372
2021-08-03 01:07:58.755307 UTC,229.0,229.31,300,1000,1627942268920655375
2021-08-03 01:07:58.755330 UTC,229.11,229.31,1000,1000,1627942268920655376
2021-08-03 01:07:59.562381 UTC,229.11,229.4,1000,300,1627942268920655379
2021-08-03 01:07:59.562404 UTC,229.11,229.3,1000,1000,1627942268920655380
2021-08-03 01:07:59.679669 UTC,229.11,229.4,1000,300,1627942268920655381
2021-08-03 01:07:59.679693 UTC,229.11,229.31,1000,1000,1627942268920655382
2021-08-03 01:08:01.598538 UTC,229.11,229.4,1000,300,1627942268920655383
2021-08-03 01:08:01.598576 UTC,229.11,229.32,1000,1000,1627942268920655384
2021-08-03 01:08:01.598962 UTC,229.11,230.2,1000,300,1627942268920655386
2021-08-03 01:08:01.598994 UTC,229.11,229.31,1000,1000,1627942268920655387
2021-08-03 01:08:01.599309 UTC,229.11,230.2,1000,300,1627942268920655388
2021-08-03 01:08:01.599327 UTC,229.11,229.32,1000,1000,1627942268920655389
2021-08-03 01:08:01.599707 UTC,229.11,230.2,1000,300,1627942268920655390
2021-08-03 01:08:01.599748 UTC,229.11,229.31,1000,1000,1627942268920655391
2021-08-03 01:08:01.601859 UTC,229.11,230.2,1000,300,1627942268920655392
2021-08-03 01:08:01.601909 UTC,229.11,229.3,1000,1000,1627942268920655393
2021-08-03 01:08:01.840642 UTC,229.11,229.4,1000,300,1627942268920655395
2021-08-03 01:08:01.840663 UTC,229.11,229.31,1000,1000,1627942268920655396
2021-08-03 01:08:01.841125 UTC,229.11,229.4,1000,300,1627942268920655397
2021-08-03 01:08:01.841168 UTC,229.11,229.3,1000,1000,1627942268920655398
2021-08-03 01:08:01.913477 UTC,229.11,229.4,1000,300,1627942268920655399
2021-08-03 01:08:01.913498 UTC,229.11,229.31,1000,1000,1627942268920655400
2021-08-03 01:08:01.937074 UTC,229.0,229.31,300,1000,1627942268920655401
2021-08-03 01:08:01.937109 UTC,229.12,229.31,1000,1000,1627942268920655402
2021-08-03 01:08:03.885677 UTC,229.12,229.4,1000,300,1627942268920655403
2021-08-03 01:08:03.885697 UTC,229.12,229.32,1000,1000,1627942268920655404
2021-08-03 01:08:03.886040 UTC,229.12,229.4,1000,300,1627942268920655405
2021-08-03 01:08:03.886076 UTC,229.12,229.31,1000,1000,1627942268920655406
2021-08-03 01:08:08.221014 UTC,229.12,229.4,1000,300,1627942268920655407
2021-08-03 01:08:08.221032 UTC,229.12,229.32,1000,1000,1627942268920655408
2021-08-03 01:08:08.520779 UTC,229.0,229.32,300,1000,1627942268920655411
2021-08-03 01:08:08.520803 UTC,229.11,229.32,1000,1000,1627942268920655412
2021-08-03 01:08:08.521132 UTC,228.2,229.32,300,1000,1627942268920655414
2021-08-03 01:08:08.521151 UTC,229.12,229.32,1000,1000,1627942268920655415
2021-08-03 01:08:10.689254 UTC,229.12,229.4,1000,300,1627942268920655417
2021-08-03 01:08:10.689273 UTC,229.12,229.33,1000,1000,1627942268920655418
2021-08-03 01:08:10.689450 UTC,229.0,229.33,300,1000,1627942268920655419
2021-08-03 01:08:10.689498 UTC,229.13,229.33,1000,1000,1627942268920655420
2021-08-03 01:08:10.690763 UTC,229.13,229.4,1000,300,1627942268920655421
2021-08-03 01:08:10.690791 UTC,229.13,229.32,1000,1000,1627942268920655422
2021-08-03 01:08:12.524798 UTC,229.0,229.32,300,1000,1627942268920655424
2021-08-03 01:08:12.524823 UTC,229.12,229.32,1000,1000,1627942268920655425
2021-08-03 01:08:12.569559 UTC,229.0,229.32,300,1000,1627942268920655426
2021-08-03 01:08:12.569579 UTC,229.13,229.32,1000,1000,1627942268920655427
2021-08-03 01:08:12.570907 UTC,229.0,229.32,300,1000,1627942268920655428
2021-08-03 01:08:12.570947 UTC,229.12,229.32,1000,1000,1627942268920655429
2021-08-03 01:08:12.571273 UTC,229.0,229.32,300,1000,1627942268920655430
2021-08-03 01:08:12.571290 UTC,229.13,229.32,1000,1000,1627942268920655431
2021-08-03 01:08:12.691410 UTC,229.0,229.32,300,1000,1627942268920655432
2021-08-03 01:08:12.691450 UTC,229.12,229.32,1000,1000,1627942268920655433
2021-08-03 01:08:12.691764 UTC,229.0,229.32,300,1000,1627942268920655434
2021-08-03 01:08:12.691781 UTC,229.13,229.32,1000,1000,1627942268920655435
2021-08-03 01:08:17.594107 UTC,229.0,229.32,300,1000,1627942268920655436
2021-08-03 01:08:17.594128 UTC,229.12,229.32,1000,1000,1627942268920655437
2021-08-03 01:08:17.594155 UTC,229.12,229.4,1000,300,1627942268920655438
2021-08-03 01:08:17.594173 UTC,229.12,229.31,1000,1000,1627942268920655439
2021-08-03 01:08:17.595442 UTC,229.12,229.4,1000,300,1627942268920655441
2021-08-03 01:08:17.595461 UTC,229.12,229.32,1000,1000,1627942268920655442
2021-08-03 01:08:20.457995 UTC,229.0,229.32,300,1000,1627942268920655444
2021-08-03 01:08:20.458014 UTC,229.13,229.32,1000,1000,1627942268920655445
2021-08-03 01:08:21.521764 UTC,229.13,229.4,1000,300,1627942268920655446
2021-08-03 01:08:21.521785 UTC,229.13,229.34,1000,1000,1627942268920655447
2021-08-03 01:08:23.022006 UTC,229.0,229.34,300,1000,1627942268920655450
2021-08-03 01:08:23.022025 UTC,229.15,229.34,1000,1000,1627942268920655451
2021-08-03 01:08:26.981186 UTC,229.0,229.34,300,1000,1627942268920655452
2021-08-03 01:08:26.981206 UTC,229.14,229.34,1000,1000,1627942268920655453
2021-08-03 01:08:27.013428 UTC,229.14,229.4,1000,300,1627942268920655455
2021-08-03 01:08:27.013449 UTC,229.14,229.33,1000,1000,1627942268920655456
2021-08-03 01:08:30.610161 UTC,229.0,229.33,300,1000,1627942268920655458
2021-08-03 01:08:30.610185 UTC,229.13,229.33,1000,1000,1627942268920655459
2021-08-03 01:08:38.388164 UTC,229.13,229.4,1000,300,1627942268920655460
2021-08-03 01:08:38.388187 UTC,229.13,229.32,1000,1000,1627942268920655461
2021-08-03 01:08:41.519988 UTC,229.0,229.32,300,1000,1627942268920655464
2021-08-03 01:08:41.520007 UTC,229.12,229.32,1000,1000,1627942268920655465
2021-08-03 01:08:41.851866 UTC,229.12,229.4,1000,300,1627942268920655468
2021-08-03 01:08:41.851888 UTC,229.12,229.31,1000,1000,1627942268920655469
2021-08-03 01:08:42.887831 UTC,229.0,229.31,300,1000,1627942268920655470
2021-08-03 01:08:42.887856 UTC,229.11,229.31,1000,1000,1627942268920655471
2021-08-03 01:08:49.768456 UTC,229.0,229.31,300,1000,1627942268920655472
2021-08-03 01:08:49.768474 UTC,229.12,229.31,1000,1000,1627942268920655473
2021-08-03 01:08:50.187386 UTC,229.12,229.4,1000,300,1627942268920655476
2021-08-03 01:08:50.187433 UTC,229.12,229.32,1000,1000,1627942268920655477
2021-08-03 01:08:50.466431 UTC,229.12,229.4,1000,300,1627942268920655480
2021-08-03 01:08:50.466466 UTC,229.12,229.33,1000,1000,1627942268920655481
2021-08-03 01:08:50.466719 UTC,229.0,229.33,300,1000,1627942268920655482
2021-08-03 01:08:50.466754 UTC,229.13,229.33,1000,1000,1627942268920655483
2021-08-03 01:08:56.678192 UTC,229.0,229.33,300,1000,1627942268920655484
2021-08-03 01:08:56.678217 UTC,229.12,229.33,1000,1000,1627942268920655485
2021-08-03 01:08:56.842925 UTC,229.12,229.4,1000,300,1627942268920655488
2021-08-03 01:08:56.842947 UTC,229.12,229.32,1000,1000,1627942268920655489
2021-08-03 01:08:59.825087 UTC,229.12,229.4,1000,300,1627942268920655492
2021-08-03 01:08:59.825112 UTC,229.12,229.31,1000,1000,1627942268920655493
2021-08-03 01:09:01.065215 UTC,229.0,229.31,300,1000,1627942268920655494
2021-08-03 01:09:01.065233 UTC,229.11,229.31,1000,1000,1627942268920655495
2021-08-03 01:09:13.438346 UTC,229.11,229.4,1000,300,1627942268920655496
2021-08-03 01:09:13.438369 UTC,229.11,229.32,1000,1000,1627942268920655497
2021-08-03 01:09:16.885487 UTC,229.0,229.32,300,1000,1627942268920655498
2021-08-03 01:09:16.885488 UTC,229.13,229.32,1000,1000,1627942268920655499
2021-08-03 01:09:17.868103 UTC,229.13,229.4,1000,300,1627942268920655500
2021-08-03 01:09:17.868104 UTC,229.13,229.33,1000,1000,1627942268920655501
2021-08-03 01:09:23.024431 UTC,229.0,229.33,300,1000,1627942268920655502
2021-08-03 01:09:23.024474 UTC,229.12,229.33,1000,1000,1627942268920655503
2021-08-03 01:09:24.972625 UTC,229.12,229.4,1000,300,1627942268920655504
2021-08-03 01:09:24.972666 UTC,229.12,229.32,1000,1000,1627942268920655505
2021-08-03 01:09:30.374842 UTC,229.0,229.32,300,1000,1627942268920655508
2021-08-03 01:09:30.374862 UTC,229.13,229.32,1000,1000,1627942268920655509
2021-08-03 01:09:38.026766 UTC,229.0,229.32,300,1000,1627942268920655512
2021-08-03 01:09:38.026791 UTC,229.14,229.32,1000,1000,1627942268920655513
2021-08-03 01:09:38.498465 UTC,229.0,229.32,300,1000,1627942268920655514
2021-08-03 01:09:38.498503 UTC,229.08,229.32,1000,1000,1627942268920655515
2021-08-03 01:09:38.520383 UTC,229.08,229.4,1000,300,1627942268920655517
2021-08-03 01:09:38.520399 UTC,229.08,229.33,1000,1000,1627942268920655518
2021-08-03 01:09:38.634415 UTC,229.0,229.33,300,1000,1627942268920655522
2021-08-03 01:09:38.634452 UTC,229.13,229.33,1000,1000,1627942268920655523
2021-08-03 01:09:39.533616 UTC,229.13,229.4,1000,300,1627942268920655524
2021-08-03 01:09:39.533661 UTC,229.13,229.32,1000,1000,1627942268920655525
2021-08-03 01:09:51.016755 UTC,229.13,229.4,1000,300,1627942268920655526
2021-08-03 01:09:51.016788 UTC,229.13,229.33,1000,1000,1627942268920655527
2021-08-03 01:09:57.532909 UTC,229.13,229.4,1000,300,1627942268920655530
2021-08-03 01:09:57.532929 UTC,229.13,229.32,1000,1000,1627942268920655531
2021-08-03 01:10:01.356196 UTC,229.13,229.4,1000,300,1627942268920655534
2021-08-03 01:10:01.356213 UTC,229.13,229.31,1000,1000,1627942268920655535
2021-08-03 01:10:01.537809 UTC,229.13,229.4,1000,300,1627942268920655536
2021-08-03 01:10:01.537828 UTC,229.13,229.33,1000,1000,1627942268920655537
2021-08-03 01:10:01.675628 UTC,229.0,229.33,300,1000,1627942268920655538
2021-08-03 01:10:01.675653 UTC,229.14,229.33,1000,1000,1627942268920655539
2021-08-03 01:10:01.915358 UTC,229.14,229.4,1000,300,1627942268920655542
2021-08-03 01:10:01.915387 UTC,229.14,229.34,1000,1000,1627942268920655543
2021-08-03 01:10:02.028172 UTC,229.0,229.34,300,1000,1627942268920655544
2021-08-03 01:10:02.028210 UTC,229.15,229.34,1000,1000,1627942268920655545
2021-08-03 01:10:02.415265 UTC,229.0,229.34,300,1000,1627942268920655546
2021-08-03 01:10:02.415285 UTC,229.14,229.34,1000,1000,1627942268920655547
2021-08-03 01:10:03.161048 UTC,229.14,229.4,1000,300,1627942268920655548
2021-08-03 01:10:03.161063 UTC,229.14,229.33,1000,1000,1627942268920655549
2021-08-03 01:10:04.168220 UTC,229.14,229.4,1000,300,1627942268920655552
2021-08-03 01:10:04.168245 UTC,229.14,229.39,1000,1000,1627942268920655553
2021-08-03 01:10:04.477008 UTC,229.14,229.4,1000,300,1627942268920655554
2021-08-03 01:10:04.477026 UTC,229.14,229.34,1000,1000,1627942268920655555
2021-08-03 01:10:10.305234 UTC,229.14,229.4,1000,300,1627942268920655556
2021-08-03 01:10:10.305273 UTC,229.14,229.33,1000,1000,1627942268920655557
2021-08-03 01:10:10.338199 UTC,229.0,229.33,300,1000,1627942268920655559
2021-08-03 01:10:10.338244 UTC,229.15,229.33,1000,1000,1627942268920655560
2021-08-03 01:10:22.380477 UTC,229.15,229.4,1000,300,1627942268920655564
2021-08-03 01:10:22.380511 UTC,229.15,229.34,1000,1000,1627942268920655565
2021-08-03 01:10:33.018508 UTC,229.15,229.4,1000,300,1627942268920655566
2021-08-03 01:10:33.018531 UTC,229.15,229.33,1000,1000,1627942268920655567
2021-08-03 01:10:33.018570 UTC,229.0,229.33,300,1000,1627942268920655568
2021-08-03 01:10:33.018589 UTC,229.14,229.33,1000,1000,1627942268920655569
2021-08-03 01:10:41.631048 UTC,229.0,229.33,300,1000,1627942268920655574
2021-08-03 01:10:41.631067 UTC,229.13,229.33,1000,1000,1627942268920655575
2021-08-03 01:10:41.631191 UTC,229.13,229.4,1000,300,1627942268920655576
2021-08-03 01:10:41.631210 UTC,229.13,229.32,1000,1000,1627942268920655577
2021-08-03 01:10:41.730831 UTC,229.0,229.32,300,1000,1627942268920655578
2021-08-03 01:10:41.730832 UTC,229.14,229.32,1000,1000,1627942268920655579
2021-08-03 01:10:48.736013 UTC,229.0,229.32,300,1000,1627942268920655582
2021-08-03 01:10:48.736031 UTC,229.13,229.32,1000,1000,1627942268920655583
2021-08-03 01:10:55.987977 UTC,229.0,229.32,300,1000,1627942268920655586
2021-08-03 01:10:55.987994 UTC,229.12,229.32,1000,1000,1627942268920655587
2021-08-03 01:10:58.172892 UTC,229.12,229.4,1000,300,1627942268920655590
2021-08-03 01:10:58.172910 UTC,229.12,229.31,1000,1000,1627942268920655591
2021-08-03 01:10:59.525174 UTC,229.12,229.4,1000,300,1627942268920655594
2021-08-03 01:10:59.525197 UTC,229.12,229.3,1000,1000,1627942268920655595
2021-08-03 01:11:00.032308 UTC,229.0,229.3,300,1000,1627942268920655596
2021-08-03 01:11:00.032333 UTC,229.11,229.3,1000,1000,1627942268920655597
2021-08-03 01:11:22.168666 UTC,229.11,229.4,1000,300,1627942268920655598
2021-08-03 01:11:22.168685 UTC,229.11,229.31,1000,1000,1627942268920655599
2021-08-03 01:11:23.900202 UTC,229.11,229.4,1000,300,1627942268920655602
2021-08-03 01:11:23.900224 UTC,229.11,229.3,1000,1000,1627942268920655603
2021-08-03 01:11:30.041877 UTC,229.0,229.3,300,1000,1627942268920655604
2021-08-03 01:11:30.041894 UTC,229.1,229.3,1000,1000,1627942268920655605
2021-08-03 01:11:30.042065 UTC,229.1,229.4,1000,300,1627942268920655606
2021-08-03 01:11:30.042080 UTC,229.1,229.29,1000,1000,1627942268920655607
2021-08-03 01:11:30.043243 UTC,229.0,229.29,300,1000,1627942268920655608
2021-08-03 01:11:30.043261 UTC,229.11,229.29,1000,1000,1627942268920655609
2021-08-03 01:11:33.379517 UTC,229.11,229.2,1000,300,1627942268920655612
2021-08-03 01:11:40.432797 UTC,229.0,229.2,300,300,1627942268920655613
2021-08-03 01:11:40.432818 UTC,229.1,229.2,1000,300,1627942268920655614
2021-08-03 01:11:45.530497 UTC,229.0,229.2,300,300,1627942268920655617
2021-08-03 01:11:45.530519 UTC,229.09,229.2,1000,300,1627942268920655618
2021-08-03 01:11:47.523952 UTC,229.0,229.2,300,300,1627942268920655619
2021-08-03 01:11:47.523974 UTC,229.1,229.2,1000,300,1627942268920655620
2021-08-03 01:11:47.525293 UTC,228.6,229.2,15,300,1627942268920655622
2021-08-03 01:11:47.525327 UTC,229.09,229.2,1000,300,1627942268920655623
2021-08-03 01:11:47.525623 UTC,228.6,229.2,15,300,1627942268920655624
2021-08-03 01:11:47.525661 UTC,229.1,229.2,1000,300,1627942268920655625
2021-08-03 01:11:50.775358 UTC,229.0,229.2,300,300,1627942268920655627
2021-08-03 01:11:50.775378 UTC,229.09,229.2,1000,300,1627942268920655628
2021-08-03 01:11:53.928931 UTC,229.09,229.29,1000,1000,1627942268920655629
2021-08-03 01:11:54.022356 UTC,229.09,229.4,1000,300,1627942268920655630
2021-08-03 01:11:54.022375 UTC,229.09,229.28,1000,1000,1627942268920655631
2021-08-03 01:11:54.123762 UTC,229.09,229.2,1000,300,1627942268920655633
2021-08-03 01:11:55.616034 UTC,229.09,229.28,1000,1000,1627942268920655634
2021-08-03 01:11:56.001259 UTC,229.09,229.2,1000,300,1627942268920655636
2021-08-03 01:12:03.384449 UTC,229.09,229.28,1000,1000,1627942268920655637
2021-08-03 01:12:09.703925 UTC,229.09,229.4,1000,300,1627942268920655638
2021-08-03 01:12:09.703943 UTC,229.09,229.27,1000,1000,1627942268920655639
2021-08-03 01:12:11.229950 UTC,229.09,229.4,1000,300,1627942268920655642
2021-08-03 01:12:11.229972 UTC,229.09,229.28,1000,1000,1627942268920655643
2021-08-03 01:12:12.229163 UTC,229.09,229.4,1000,300,1627942268920655644
2021-08-03 01:12:12.229184 UTC,229.09,229.29,1000,1000,1627942268920655645
2021-08-03 01:12:12.229263 UTC,229.0,229.29,300,1000,1627942268920655646
2021-08-03 01:12:12.229282 UTC,229.11,229.29,1000,1000,1627942268920655647
2021-08-03 01:12:12.230702 UTC,229.0,229.29,300,1000,1627942268920655648
2021-08-03 01:12:12.230722 UTC,229.1,229.29,1000,1000,1627942268920655649
2021-08-03 01:12:12.231070 UTC,228.6,229.29,15,1000,1627942268920655651
2021-08-03 01:12:12.231095 UTC,229.11,229.29,1000,1000,1627942268920655652
2021-08-03 01:12:14.700260 UTC,229.11,229.4,1000,300,1627942268920655654
2021-08-03 01:12:14.700281 UTC,229.11,229.3,1000,1000,1627942268920655655
2021-08-03 01:12:14.700629 UTC,229.11,229.4,1000,300,1627942268920655656
2021-08-03 01:12:14.700653 UTC,229.11,229.29,1000,1000,1627942268920655657
2021-08-03 01:12:20.696793 UTC,229.0,229.29,300,1000,1627942268920655658
2021-08-03 01:12:20.696812 UTC,229.1,229.29,1000,1000,1627942268920655659
2021-08-03 01:12:32.176195 UTC,229.0,229.29,300,1000,1627942268920655662
2021-08-03 01:12:32.176214 UTC,229.11,229.29,1000,1000,1627942268920655663
2021-08-03 01:12:45.198161 UTC,229.0,229.29,300,1000,1627942268920655666
2021-08-03 01:12:45.198181 UTC,229.1,229.29,1000,1000,1627942268920655667
2021-08-03 01:12:46.562786 UTC,229.1,229.2,1000,300,1627942268920655670
2021-08-03 01:12:46.563531 UTC,229.1,229.29,1000,1000,1627942268920655671
2021-08-03 01:12:46.564038 UTC,229.1,229.4,1000,300,1627942268920655672
2021-08-03 01:12:46.564056 UTC,229.1,229.28,1000,1000,1627942268920655673
2021-08-03 01:12:46.665099 UTC,229.1,229.2,1000,300,1627942268920655675
2021-08-03 01:12:46.690168 UTC,229.1,229.28,1000,1000,1627942268920655676
2021-08-03 01:12:47.291420 UTC,229.1,229.2,1000,300,1627942268920655678
2021-08-03 01:12:47.581934 UTC,229.1,229.28,1000,1000,1627942268920655679
2021-08-03 01:12:47.630508 UTC,229.0,229.28,300,1000,1627942268920655680
2021-08-03 01:12:47.630526 UTC,229.09,229.28,1000,1000,1627942268920655681
2021-08-03 01:12:47.762126 UTC,229.09,229.2,1000,300,1627942268920655682
2021-08-03 01:12:49.154892 UTC,229.09,229.28,1000,1000,1627942268920655683
2021-08-03 01:12:49.650662 UTC,229.09,229.4,1000,300,1627942268920655684
2021-08-03 01:12:49.650682 UTC,229.09,229.29,1000,1000,1627942268920655685
2021-08-03 01:12:49.650744 UTC,229.0,229.29,300,1000,1627942268920655686
2021-08-03 01:12:49.650763 UTC,229.1,229.29,1000,1000,1627942268920655687
2021-08-03 01:12:49.652030 UTC,229.1,229.4,1000,300,1627942268920655688
2021-08-03 01:12:49.652050 UTC,229.1,229.28,1000,1000,1627942268920655689
2021-08-03 01:12:49.662555 UTC,229.1,229.4,1000,300,1627942268920655690
2021-08-03 01:12:49.662592 UTC,229.1,229.29,1000,1000,1627942268920655691
2021-08-03 01:12:49.675764 UTC,229.1,229.4,1000,300,1627942268920655692
2021-08-03 01:12:49.675783 UTC,229.1,229.28,1000,1000,1627942268920655693
2021-08-03 01:12:49.677136 UTC,229.1,229.4,1000,300,1627942268920655694
2021-08-03 01:12:49.677155 UTC,229.1,229.29,1000,1000,1627942268920655695
2021-08-03 01:12:56.914408 UTC,229.1,229.2,1000,300,1627942268920655696
2021-08-03 01:12:58.057786 UTC,229.1,229.29,1000,1000,1627942268920655697
2021-08-03 01:12:58.060114 UTC,229.0,229.29,300,1000,1627942268920655698
2021-08-03 01:12:58.060115 UTC,229.09,229.29,1000,1000,1627942268920655699
2021-08-03 01:12:58.060312 UTC,229.09,229.4,1000,300,1627942268920655700
2021-08-03 01:12:58.060313 UTC,229.09,229.28,1000,1000,1627942268920655701
2021-08-03 01:12:58.069298 UTC,229.0,229.28,300,1000,1627942268920655702
2021-08-03 01:12:58.069315 UTC,229.1,229.28,1000,1000,1627942268920655703
2021-08-03 01:12:58.070655 UTC,228.6,229.28,15,1000,1627942268920655705
2021-08-03 01:12:58.070674 UTC,229.09,229.28,1000,1000,1627942268920655706
2021-08-03 01:12:58.070982 UTC,228.6,229.28,15,1000,1627942268920655707
2021-08-03 01:12:58.071009 UTC,229.1,229.28,1000,1000,1627942268920655708
2021-08-03 01:12:58.910628 UTC,229.1,229.4,1000,300,1627942268920655710
2021-08-03 01:12:58.910670 UTC,229.1,229.29,1000,1000,1627942268920655711
2021-08-03 01:12:59.248984 UTC,229.1,229.4,1000,300,1627942268920655714
2021-08-03 01:12:59.249010 UTC,229.1,229.3,1000,1000,1627942268920655715
2021-08-03 01:13:00.401410 UTC,229.0,229.3,300,1000,1627942268920655716
2021-08-03 01:13:00.401429 UTC,229.11,229.3,1000,1000,1627942268920655717
2021-08-03 01:13:02.885797 UTC,229.11,229.2,1000,300,1627942268920655718
2021-08-03 01:13:03.535717 UTC,229.11,229.3,1000,1000,1627942268920655719
2021-08-03 01:13:04.029047 UTC,229.0,229.3,300,1000,1627942268920655720
2021-08-03 01:13:04.029069 UTC,229.1,229.3,1000,1000,1627942268920655721
2021-08-03 01:13:05.053233 UTC,229.1,229.4,1000,300,1627942268920655724
2021-08-03 01:13:05.053253 UTC,229.1,229.29,1000,1000,1627942268920655725
2021-08-03 01:13:05.068899 UTC,229.0,229.29,300,1000,1627942268920655726
2021-08-03 01:13:05.068919 UTC,229.11,229.29,1000,1000,1627942268920655727
2021-08-03 01:13:05.070128 UTC,229.0,229.29,300,1000,1627942268920655728
2021-08-03 01:13:05.070148 UTC,229.1,229.29,1000,1000,1627942268920655729
2021-08-03 01:13:05.076284 UTC,229.0,229.29,300,1000,1627942268920655730
2021-08-03 01:13:05.076303 UTC,229.11,229.29,1000,1000,1627942268920655731
2021-08-03 01:13:05.077699 UTC,229.0,229.29,300,1000,1627942268920655732
2021-08-03 01:13:05.077718 UTC,229.1,229.29,1000,1000,1627942268920655733
2021-08-03 01:13:05.647457 UTC,229.1,229.2,1000,300,1627942268920655734
2021-08-03 01:13:06.531548 UTC,229.1,229.29,1000,1000,1627942268920655735
2021-08-03 01:13:06.740900 UTC,229.1,229.2,1000,300,1627942268920655736
2021-08-03 01:13:06.953705 UTC,229.1,229.29,1000,1000,1627942268920655737
2021-08-03 01:13:07.625497 UTC,229.1,229.2,1000,300,1627942268920655738
2021-08-03 01:13:08.105849 UTC,229.1,229.29,1000,1000,1627942268920655739
2021-08-03 01:13:08.964272 UTC,229.1,229.4,1000,300,1627942268920655740
2021-08-03 01:13:08.964290 UTC,229.1,229.3,1000,1000,1627942268920655741
2021-08-03 01:13:08.964323 UTC,229.0,229.3,300,1000,1627942268920655742
2021-08-03 01:13:08.964339 UTC,229.11,229.3,1000,1000,1627942268920655743
2021-08-03 01:13:10.695632 UTC,229.0,229.3,300,1000,1627942268920655746
2021-08-03 01:13:10.695661 UTC,229.1,229.3,1000,1000,1627942268920655747
2021-08-03 01:13:10.695858 UTC,229.1,229.4,1000,300,1627942268920655749
2021-08-03 01:13:10.695876 UTC,229.1,229.29,1000,1000,1627942268920655750
2021-08-03 01:13:12.976785 UTC,229.0,229.29,300,1000,1627942268920655752
2021-08-03 01:13:12.976812 UTC,229.09,229.29,1000,1000,1627942268920655753
2021-08-03 01:13:12.977004 UTC,229.09,229.4,1000,300,1627942268920655754
2021-08-03 01:13:12.977022 UTC,229.09,229.28,1000,1000,1627942268920655755
2021-08-03 01:13:13.078198 UTC,229.09,229.2,1000,300,1627942268920655756
2021-08-03 01:13:16.646140 UTC,229.09,229.28,1000,1000,1627942268920655757
2021-08-03 01:13:19.050924 UTC,229.0,229.28,300,1000,1627942268920655758
2021-08-03 01:13:19.050944 UTC,229.1,229.28,1000,1000,1627942268920655759
2021-08-03 01:13:19.061708 UTC,228.6,229.28,15,1000,1627942268920655761
2021-08-03 01:13:19.061751 UTC,229.09,229.28,1000,1000,1627942268920655762
2021-08-03 01:13:24.623815 UTC,229.09,229.2,1000,300,1627942268920655764
2021-08-03 01:13:25.661130 UTC,229.09,229.28,1000,1000,1627942268920655765
2021-08-03 01:13:28.299087 UTC,229.09,229.2,1000,300,1627942268920655766
2021-08-03 01:13:30.304571 UTC,229.09,229.28,1000,1000,1627942268920655767
2021-08-03 01:13:31.203719 UTC,229.09,229.2,1000,300,1627942268920655768
2021-08-03 01:13:45.463210 UTC,229.09,229.28,1000,1000,1627942268920655769
2021-08-03 01:13:53.494111 UTC,229.09,229.2,1000,300,1627942268920655770
2021-08-03 01:14:02.028284 UTC,229.09,229.28,1000,1000,1627942268920655771
2021-08-03 01:14:03.242732 UTC,229.0,229.28,300,1000,1627942268920655772
2021-08-03 01:14:03.242750 UTC,229.08,229.28,1000,1000,1627942268920655773
2021-08-03 01:14:10.936250 UTC,229.0,229.28,300,1000,1627942268920655776
2021-08-03 01:14:10.936267 UTC,229.09,229.28,1000,1000,1627942268920655777
2021-08-03 01:14:14.832210 UTC,229.09,229.4,1000,300,1627942268920655780
2021-08-03 01:14:14.832230 UTC,229.09,229.27,1000,1000,1627942268920655781
2021-08-03 01:14:14.933652 UTC,229.09,229.2,1000,300,1627942268920655783
2021-08-03 01:14:15.365507 UTC,229.09,229.27,1000,1000,1627942268920655784
2021-08-03 01:14:15.524686 UTC,229.0,229.27,300,1000,1627942268920655786
2021-08-03 01:14:15.524706 UTC,229.08,229.27,1000,1000,1627942268920655787
2021-08-03 01:14:15.930507 UTC,229.08,229.2,1000,300,1627942268920655788
2021-08-03 01:14:16.066970 UTC,229.08,229.27,1000,1000,1627942268920655789
2021-08-03 01:14:16.067408 UTC,229.08,229.4,1000,300,1627942268920655790
2021-08-03 01:14:16.067427 UTC,229.08,229.28,1000,1000,1627942268920655791
2021-08-03 01:14:16.067770 UTC,229.08,229.4,1000,300,1627942268920655792
2021-08-03 01:14:16.067809 UTC,229.08,229.27,1000,1000,1627942268920655793
2021-08-03 01:14:18.200459 UTC,229.08,229.4,1000,300,1627942268920655794
2021-08-03 01:14:18.200489 UTC,229.08,229.28,1000,1000,1627942268920655795
2021-08-03 01:14:20.026295 UTC,229.08,229.4,1000,300,1627942268920655796
2021-08-03 01:14:20.026315 UTC,229.08,229.27,1000,1000,1627942268920655797
2021-08-03 01:14:20.127289 UTC,229.08,229.2,1000,300,1627942268920655798
2021-08-03 01:14:21.539209 UTC,229.08,229.27,1000,1000,1627942268920655799
2021-08-03 01:14:24.664194 UTC,229.08,229.2,1000,300,1627942268920655800
2021-08-03 01:14:25.064368 UTC,229.08,229.27,1000,1000,1627942268920655801
2021-08-03 01:14:25.532195 UTC,229.08,229.4,1000,300,1627942268920655802
2021-08-03 01:14:25.532226 UTC,229.08,229.28,1000,1000,1627942268920655803
2021-08-03 01:14:25.532335 UTC,229.0,229.28,300,1000,1627942268920655804
2021-08-03 01:14:25.532355 UTC,229.09,229.28,1000,1000,1627942268920655805
2021-08-03 01:14:27.270262 UTC,229.09,229.4,1000,300,1627942268920655810
2021-08-03 01:14:27.270282 UTC,229.09,229.29,1000,1000,1627942268920655811
2021-08-03 01:14:28.031198 UTC,229.0,229.29,300,1000,1627942268920655812
