seq_num,add_order_id,add_side,add_price,add_qty,update_order_id,update_side,update_price,update_qty,delete_order_id,delete_side,trade_order_id,trade_side,trade_price,trade_qty,time
1627942268920653172,7456389231055194163,BUY,218,300,,,,,,,,,,,2021-08-02 22:11:21.94404 UTC
1627942268920653171,7455201758497478055,BUY,228,50,,,,,,,,,,,2021-08-02 22:11:21.94404 UTC
1627942268920653173,7457972527797789251,BUY,228.2,300,,,,,,,,,,,2021-08-03 01:00:01.107428 UTC
1627942268920653174,7457972527797789252,SELL,230.2,300,,,,,,,,,,,2021-08-03 01:00:01.107502 UTC
1627942268920653175,7457972527797789518,BUY,228.4,300,,,,,,,,,,,2021-08-03 01:00:01.326608 UTC
1627942268920653176,7457972527797790256,BUY,229.13,1000,,,,,,,,,,,2021-08-03 01:00:03.22333 UTC
1627942268920653177,7457972527797790258,SELL,229.35,1000,,,,,,,,,,,2021-08-03 01:00:03.225576 UTC
1627942268920653178,7457972527797790267,BUY,227.07,5000,,,,,,,,,,,2021-08-03 01:00:03.256427 UTC
1627942268920653179,7457972527797790268,SELL,231.42,5000,,,,,,,,,,,2021-08-03 01:00:03.256497 UTC
1627942268920653180,7457972527797790290,BUY,229,300,,,,,,,,,,,2021-08-03 01:00:03.324201 UTC
1627942268920653182,,,,,,,,,7457972527797790256,BUY,,,,,2021-08-03 01:00:03.32841 UTC
1627942268920653181,7457972527797790291,SELL,229.4,300,,,,,,,,,,,2021-08-03 01:00:03.326782 UTC
1627942268920653183,7457972527797790256,BUY,229.14,1000,,,,,,,,,,,2021-08-03 01:00:03.328426 UTC
1627942268920653184,,,,,,,,,7457972527797790256,BUY,,,,,2021-08-03 01:00:03.508721 UTC
1627942268920653185,7457972527797790256,BUY,229.15,1000,,,,,,,,,,,2021-08-03 01:00:03.508737 UTC
1627942268920653186,,,,,,,,,7457972527797790258,SELL,,,,,2021-08-03 01:00:03.588203 UTC
1627942268920653188,,,,,,,,,7457972527797790258,SELL,,,,,2021-08-03 01:00:03.851856 UTC
1627942268920653187,7457972527797790258,SELL,229.34,1000,,,,,,,,,,,2021-08-03 01:00:03.588224 UTC
1627942268920653189,7457972527797790258,SELL,229.35,1000,,,,,,,,,,,2021-08-03 01:00:03.851881 UTC
1627942268920653190,,,,,,,,,7457972527797790258,SELL,,,,,2021-08-03 01:00:03.852423 UTC
1627942268920653191,7457972527797790258,SELL,229.34,1000,,,,,,,,,,,2021-08-03 01:00:03.852444 UTC
1627942268920653192,,,,,,,,,7457972527797790256,BUY,,,,,2021-08-03 01:00:04.038695 UTC
1627942268920653193,7457972527797790256,BUY,229.16,1000,,,,,,,,,,,2021-08-03 01:00:04.038712 UTC
1627942268920653194,,,,,,,,,7457972527797790258,SELL,,,,,2021-08-03 01:00:04.039276 UTC
1627942268920653195,7457972527797790258,SELL,229.35,1000,,,,,,,,,,,2021-08-03 01:00:04.039293 UTC
1627942268920653196,,,,,,,,,7457972527797790258,SELL,,,,,2021-08-03 01:00:04.039797 UTC
1627942268920653197,7457972527797790258,SELL,229.34,1000,,,,,,,,,,,2021-08-03 01:00:04.039815 UTC
1627942268920653198,,,,,,,,,7457972527797790258,SELL,,,,,2021-08-03 01:00:04.138119 UTC
1627942268920653199,7457972527797790258,SELL,229.35,1000,,,,,,,,,,,2021-08-03 01:00:04.138158 UTC
1627942268920653200,,,,,,,,,7457972527797790256,BUY,,,,,2021-08-03 01:00:04.172746 UTC
1627942268920653202,,,,,,,,,7457972527797790258,SELL,,,,,2021-08-03 01:00:04.184976 UTC
1627942268920653201,7457972527797790256,BUY,229.17,1000,,,,,,,,,,,2021-08-03 01:00:04.172765 UTC
1627942268920653203,7457972527797790258,SELL,229.36,1000,,,,,,,,,,,2021-08-03 01:00:04.184994 UTC
1627942268920653204,,,,,,,,,7457972527797790256,BUY,,,,,2021-08-03 01:00:04.333981 UTC
1627942268920653205,7457972527797790256,BUY,229.18,1000,,,,,,,,,,,2021-08-03 01:00:04.334 UTC
1627942268920653207,7457972527797790258,SELL,229.37,1000,,,,,,,,,,,2021-08-03 01:00:04.495884 UTC
1627942268920653206,,,,,,,,,7457972527797790258,SELL,,,,,2021-08-03 01:00:04.495865 UTC
1627942268920653208,,,,,,,,,7457972527797790256,BUY,,,,,2021-08-03 01:00:04.496122 UTC
1627942268920653209,7457972527797790256,BUY,229.19,1000,,,,,,,,,,,2021-08-03 01:00:04.496141 UTC
1627942268920653210,,,,,,,,,7457972527797790258,SELL,,,,,2021-08-03 01:00:04.497465 UTC
1627942268920653211,7457972527797790258,SELL,229.38,1000,,,,,,,,,,,2021-08-03 01:00:04.497483 UTC
1627942268920653212,,,,,,,,,7457972527797790258,SELL,,,,,2021-08-03 01:00:04.509742 UTC
1627942268920653213,7457972527797790258,SELL,229.37,1000,,,,,,,,,,,2021-08-03 01:00:04.509759 UTC
1627942268920653214,,,,,,,,,7457972527797790256,BUY,,,,,2021-08-03 01:00:04.553285 UTC
1627942268920653215,7457972527797790256,BUY,229.18,1000,,,,,,,,,,,2021-08-03 01:00:04.553312 UTC
1627942268920653216,,,,,,,,,7457972527797790258,SELL,,,,,2021-08-03 01:00:04.554654 UTC
1627942268920653217,7457972527797790258,SELL,229.36,1000,,,,,,,,,,,2021-08-03 01:00:04.554691 UTC
1627942268920653218,,,,,,,,,7457972527797790258,SELL,,,,,2021-08-03 01:00:04.558666 UTC
1627942268920653219,7457972527797790258,SELL,229.37,1000,,,,,,,,,,,2021-08-03 01:00:04.558706 UTC
1627942268920653220,7457972527797790640,BUY,229.2,45,,,,,,,,,,,2021-08-03 01:00:04.65412 UTC
1627942268920653221,,,,,,,,,7457972527797790256,BUY,,,,,2021-08-03 01:00:04.654693 UTC
1627942268920653222,7457972527797790256,BUY,229.19,1000,,,,,,,,,,,2021-08-03 01:00:04.654712 UTC
1627942268920653223,,,,,,,,,7457972527797790256,BUY,,,,,2021-08-03 01:00:04.656309 UTC
1627942268920653224,7457972527797790256,BUY,229.2,1000,,,,,,,,,,,2021-08-03 01:00:04.656328 UTC
1627942268920653225,,,,,,,,,7457972527797790256,BUY,,,,,2021-08-03 01:00:04.656837 UTC
1627942268920653226,7457972527797790256,BUY,229.19,1000,,,,,,,,,,,2021-08-03 01:00:04.656856 UTC
1627942268920653227,,,,,,,,,7457972527797790256,BUY,,,,,2021-08-03 01:00:04.657656 UTC
1627942268920653229,,,,,,,,,7457972527797790256,BUY,,,,,2021-08-03 01:00:04.658195 UTC
1627942268920653228,7457972527797790256,BUY,229.18,1000,,,,,,,,,,,2021-08-03 01:00:04.657674 UTC
1627942268920653230,7457972527797790256,BUY,229.19,1000,,,,,,,,,,,2021-08-03 01:00:04.658217 UTC
1627942268920653231,,,,,,,,,7457972527797790256,BUY,,,,,2021-08-03 01:00:04.732083 UTC
1627942268920653232,7457972527797790256,BUY,229.2,1000,,,,,,,,,,,2021-08-03 01:00:04.732103 UTC
1627942268920653233,,,,,,,,,7457972527797790256,BUY,,,,,2021-08-03 01:00:04.743046 UTC
1627942268920653235,,,,,,,,,7457972527797790256,BUY,,,,,2021-08-03 01:00:04.749216 UTC
1627942268920653234,7457972527797790256,BUY,229.19,1000,,,,,,,,,,,2021-08-03 01:00:04.743065 UTC
1627942268920653236,7457972527797790256,BUY,229.2,1000,,,,,,,,,,,2021-08-03 01:00:04.749235 UTC
1627942268920653237,,,,,,,,,7457972527797790258,SELL,,,,,2021-08-03 01:00:04.761058 UTC
1627942268920653238,7457972527797790258,SELL,229.38,1000,,,,,,,,,,,2021-08-03 01:00:04.761077 UTC
1627942268920653239,,,,,,,,,7457972527797790258,SELL,,,,,2021-08-03 01:00:04.827802 UTC
1627942268920653240,,,,,,,,,7457972527797790256,BUY,,,,,2021-08-03 01:00:04.828152 UTC
1627942268920653241,7457972527797790980,BUY,229.2,255,,,,,,,,,,,2021-08-03 01:00:06.115762 UTC
1627942268920653242,7457972527797791088,BUY,229.23,1000,,,,,,,,,,,2021-08-03 01:00:06.461529 UTC
1627942268920653243,7457972527797791089,SELL,229.43,1000,,,,,,,,,,,2021-08-03 01:00:06.464244 UTC
1627942268920653244,,,,,,,,,7457972527797791088,BUY,,,,,2021-08-03 01:00:06.49278 UTC
1627942268920653246,,,,,,,,,7457972527797791089,SELL,,,,,2021-08-03 01:00:06.493877 UTC
1627942268920653245,7457972527797791088,BUY,229.25,1000,,,,,,,,,,,2021-08-03 01:00:06.492799 UTC
1627942268920653247,7457972527797791089,SELL,229.42,1000,,,,,,,,,,,2021-08-03 01:00:06.493904 UTC
1627942268920653248,,,,,,,,,7457972527797791089,SELL,,,,,2021-08-03 01:00:06.495302 UTC
1627942268920653249,7457972527797791089,SELL,229.43,1000,,,,,,,,,,,2021-08-03 01:00:06.495303 UTC
1627942268920653250,,,,,,,,,7457972527797791089,SELL,,,,,2021-08-03 01:00:06.608986 UTC
1627942268920653251,7457972527797791089,SELL,229.42,1000,,,,,,,,,,,2021-08-03 01:00:06.609012 UTC
1627942268920653252,,,,,,,,,7457972527797791089,SELL,,,,,2021-08-03 01:00:06.610255 UTC
1627942268920653253,7457972527797791089,SELL,229.43,1000,,,,,,,,,,,2021-08-03 01:00:06.610274 UTC
1627942268920653254,,,,,,,,,7457972527797791089,SELL,,,,,2021-08-03 01:00:06.645531 UTC
1627942268920653255,7457972527797791089,SELL,229.44,1000,,,,,,,,,,,2021-08-03 01:00:06.64555 UTC
1627942268920653256,,,,,,,,,7457972527797791089,SELL,,,,,2021-08-03 01:00:06.652079 UTC
1627942268920653257,7457972527797791089,SELL,229.43,1000,,,,,,,,,,,2021-08-03 01:00:06.652099 UTC
1627942268920653258,,,,,,,,,7457972527797791089,SELL,,,,,2021-08-03 01:00:06.721784 UTC
1627942268920653259,7457972527797791089,SELL,229.42,1000,,,,,,,,,,,2021-08-03 01:00:06.721803 UTC
1627942268920653260,,,,,,,,,7457972527797791089,SELL,,,,,2021-08-03 01:00:06.723177 UTC
1627942268920653261,7457972527797791089,SELL,229.43,1000,,,,,,,,,,,2021-08-03 01:00:06.723196 UTC
1627942268920653262,,,,,,,,,7457972527797791089,SELL,,,,,2021-08-03 01:00:06.927067 UTC
1627942268920653263,7457972527797791089,SELL,229.42,1000,,,,,,,,,,,2021-08-03 01:00:06.927092 UTC
1627942268920653265,7457972527797791088,BUY,229.24,1000,,,,,,,,,,,2021-08-03 01:00:07.001517 UTC
1627942268920653264,,,,,,,,,7457972527797791088,BUY,,,,,2021-08-03 01:00:07.001499 UTC
1627942268920653267,7457972527797791089,SELL,229.4,1000,,,,,,,,,,,2021-08-03 01:00:07.002278 UTC
1627942268920653266,,,,,,,,,7457972527797791089,SELL,,,,,2021-08-03 01:00:07.00224 UTC
1627942268920653268,,,,,,,,,7457972527797790980,BUY,,,,,2021-08-03 01:00:07.002279 UTC
1627942268920653269,,,,,,,,,7457972527797791089,SELL,,,,,2021-08-03 01:00:07.002728 UTC
1627942268920653270,7457972527797791089,SELL,229.42,1000,,,,,,,,,,,2021-08-03 01:00:07.002745 UTC
1627942268920653271,,,,,,,,,7457972527797791089,SELL,,,,,2021-08-03 01:00:07.003566 UTC
1627942268920653273,,,,,,,,,7457972527797791089,SELL,,,,,2021-08-03 01:00:07.004082 UTC
1627942268920653272,7457972527797791089,SELL,229.43,1000,,,,,,,,,,,2021-08-03 01:00:07.003601 UTC
1627942268920653274,7457972527797791089,SELL,229.42,1000,,,,,,,,,,,2021-08-03 01:00:07.004098 UTC
1627942268920653275,,,,,,,,,7457972527797791089,SELL,,,,,2021-08-03 01:00:07.025927 UTC
1627942268920653276,7457972527797791089,SELL,229.41,1000,,,,,,,,,,,2021-08-03 01:00:07.025948 UTC
1627942268920653277,,,,,,,,,7457972527797791089,SELL,,,,,2021-08-03 01:00:07.026391 UTC
1627942268920653278,7457972527797791089,SELL,229.4,1000,,,,,,,,,,,2021-08-03 01:00:07.026437 UTC
1627942268920653279,,,,,,,,,7457972527797791089,SELL,,,,,2021-08-03 01:00:07.026896 UTC
1627942268920653280,7457972527797791089,SELL,229.41,1000,,,,,,,,,,,2021-08-03 01:00:07.026915 UTC
1627942268920653281,,,,,,,,,7457972527797791089,SELL,,,,,2021-08-03 01:00:07.028622 UTC
1627942268920653282,7457972527797791089,SELL,229.43,1000,,,,,,,,,,,2021-08-03 01:00:07.028643 UTC
1627942268920653283,,,,,,,,,7457972527797791089,SELL,,,,,2021-08-03 01:00:07.030034 UTC
1627942268920653284,7457972527797791089,SELL,229.42,1000,,,,,,,,,,,2021-08-03 01:00:07.030054 UTC
1627942268920653285,,,,,,,,,7457972527797791089,SELL,,,,,2021-08-03 01:00:07.139053 UTC
1627942268920653286,7457972527797791089,SELL,229.41,1000,,,,,,,,,,,2021-08-03 01:00:07.139073 UTC
1627942268920653287,,,,,,,,,7457972527797791088,BUY,,,,,2021-08-03 01:00:07.153606 UTC
1627942268920653288,7457972527797791088,BUY,229.23,1000,,,,,,,,,,,2021-08-03 01:00:07.153622 UTC
1627942268920653289,,,,,,,,,7457972527797791089,SELL,,,,,2021-08-03 01:00:07.15531 UTC
1627942268920653290,,,,,,,,,7457972527797791088,BUY,,,,,2021-08-03 01:00:07.155374 UTC
1627942268920653291,7457972527797791287,BUY,229.2,255,,,,,,,,,,,2021-08-03 01:00:07.40839 UTC
1627942268920653292,,,,,,,,,7457972527797790291,SELL,,,,,2021-08-03 01:00:08.326244 UTC
1627942268920653293,,,,,,,,,7457972527797791287,BUY,,,,,2021-08-03 01:00:09.006601 UTC
1627942268920653295,7457972527797791553,SELL,229.44,1000,,,,,,,,,,,2021-08-03 01:00:09.135911 UTC
1627942268920653294,7457972527797791552,BUY,229.23,1000,,,,,,,,,,,2021-08-03 01:00:09.134199 UTC
1627942268920653296,,,,,,,,,7457972527797791553,SELL,,,,,2021-08-03 01:00:09.17077 UTC
1627942268920653297,7457972527797791553,SELL,229.43,1000,,,,,,,,,,,2021-08-03 01:00:09.170816 UTC
1627942268920653298,,,,,,,,,7457972527797791552,BUY,,,,,2021-08-03 01:00:09.224382 UTC
1627942268920653299,7457972527797791552,BUY,229.24,1000,,,,,,,,,,,2021-08-03 01:00:09.224398 UTC
1627942268920653300,7457972527797791646,SELL,229.4,300,,,,,,,,,,,2021-08-03 01:00:09.271219 UTC
1627942268920653302,7457972527797791553,SELL,229.41,1000,,,,,,,,,,,2021-08-03 01:00:09.271949 UTC
1627942268920653301,,,,,,,,,7457972527797791553,SELL,,,,,2021-08-03 01:00:09.27193 UTC
1627942268920653303,7457972527797791650,BUY,229.2,255,,,,,,,,,,,2021-08-03 01:00:09.325837 UTC
1627942268920653304,,,,,,,,,7457972527797791553,SELL,,,,,2021-08-03 01:00:09.326507 UTC
1627942268920653305,7457972527797791553,SELL,229.4,1000,,,,,,,,,,,2021-08-03 01:00:09.326555 UTC
1627942268920653306,,,,,,,,,7457972527797791552,BUY,,,,,2021-08-03 01:00:09.342921 UTC
1627942268920653307,7457972527797791552,BUY,229.23,1000,,,,,,,,,,,2021-08-03 01:00:09.342939 UTC
1627942268920653308,,,,,,,,,7457972527797791552,BUY,,,,,2021-08-03 01:00:09.457902 UTC
1627942268920653309,7457972527797791552,BUY,229.22,1000,,,,,,,,,,,2021-08-03 01:00:09.45792 UTC
1627942268920653310,,,,,,,,,7457972527797791650,BUY,,,,,2021-08-03 01:00:09.45874 UTC
1627942268920653311,,,,,,,,,7457972527797791553,SELL,,,,,2021-08-03 01:00:09.459335 UTC
1627942268920653313,,,,,,,,,7457972527797791553,SELL,,,,,2021-08-03 01:00:09.494776 UTC
1627942268920653312,7457972527797791553,SELL,229.41,1000,,,,,,,,,,,2021-08-03 01:00:09.459354 UTC
1627942268920653314,7457972527797791553,SELL,229.4,1000,,,,,,,,,,,2021-08-03 01:00:09.494796 UTC
1627942268920653315,,,,,,,,,7457972527797791553,SELL,,,,,2021-08-03 01:00:09.586702 UTC
1627942268920653317,,,,,,,,,7457972527797791552,BUY,,,,,2021-08-03 01:00:09.586924 UTC
1627942268920653316,7457972527797791553,SELL,229.41,1000,,,,,,,,,,,2021-08-03 01:00:09.586746 UTC
1627942268920653318,7457972527797791552,BUY,229.23,1000,,,,,,,,,,,2021-08-03 01:00:09.586945 UTC
1627942268920653319,7457972527797791684,BUY,229.2,255,,,,,,,,,,,2021-08-03 01:00:09.594403 UTC
1627942268920653320,,,,,,,,,7457972527797791553,SELL,,,,,2021-08-03 01:00:10.609411 UTC
1627942268920653321,7457972527797791553,SELL,229.4,1000,,,,,,,,,,,2021-08-03 01:00:10.609431 UTC
1627942268920653322,,,,,,,,,7457972527797791684,BUY,,,,,2021-08-03 01:00:10.610123 UTC
1627942268920653323,,,,,,,,,7457972527797791553,SELL,,,,,2021-08-03 01:00:10.610802 UTC
1627942268920653324,7457972527797791553,SELL,229.41,1000,,,,,,,,,,,2021-08-03 01:00:10.610829 UTC
1627942268920653325,,,,,,,,,7457972527797791553,SELL,,,,,2021-08-03 01:00:10.939894 UTC
1627942268920653326,7457972527797791553,SELL,229.4,1000,,,,,,,,,,,2021-08-03 01:00:10.939927 UTC
1627942268920653327,,,,,,,,,7457972527797791553,SELL,,,,,2021-08-03 01:00:10.996659 UTC
1627942268920653328,7457972527797791553,SELL,229.42,1000,,,,,,,,,,,2021-08-03 01:00:10.996679 UTC
1627942268920653329,,,,,,,,,7457972527797791553,SELL,,,,,2021-08-03 01:00:10.997992 UTC
1627942268920653331,,,,,,,,,7457972527797791553,SELL,,,,,2021-08-03 01:00:11.00195 UTC
1627942268920653330,7457972527797791553,SELL,229.41,1000,,,,,,,,,,,2021-08-03 01:00:10.998011 UTC
1627942268920653332,7457972527797791553,SELL,229.4,1000,,,,,,,,,,,2021-08-03 01:00:11.001995 UTC
1627942268920653333,,,,,,,,,7457972527797791553,SELL,,,,,2021-08-03 01:00:11.092753 UTC
1627942268920653334,7457972527797791553,SELL,229.41,1000,,,,,,,,,,,2021-08-03 01:00:11.092773 UTC
1627942268920653335,,,,,,,,,7457972527797791553,SELL,,,,,2021-08-03 01:00:11.21099 UTC
1627942268920653336,7457972527797791553,SELL,229.4,1000,,,,,,,,,,,2021-08-03 01:00:11.211024 UTC
1627942268920653337,,,,,,,,,7457972527797791553,SELL,,,,,2021-08-03 01:00:11.212017 UTC
1627942268920653338,7457972527797791553,SELL,229.41,1000,,,,,,,,,,,2021-08-03 01:00:11.212036 UTC
1627942268920653339,,,,,,,,,7457972527797791553,SELL,,,,,2021-08-03 01:00:11.32634 UTC
1627942268920653340,7457972527797791553,SELL,229.42,1000,,,,,,,,,,,2021-08-03 01:00:11.326386 UTC
1627942268920653341,,,,,,,,,7457972527797791553,SELL,,,,,2021-08-03 01:00:11.36507 UTC
1627942268920653342,7457972527797791553,SELL,229.4,1000,,,,,,,,,,,2021-08-03 01:00:11.365102 UTC
1627942268920653343,,,,,,,,,7457972527797791553,SELL,,,,,2021-08-03 01:00:11.366278 UTC
1627942268920653344,7457972527797791553,SELL,229.41,1000,,,,,,,,,,,2021-08-03 01:00:11.366294 UTC
1627942268920653345,,,,,,,,,7457972527797791553,SELL,,,,,2021-08-03 01:00:11.502485 UTC
1627942268920653346,7457972527797791553,SELL,229.42,1000,,,,,,,,,,,2021-08-03 01:00:11.502518 UTC
1627942268920653347,,,,,,,,,7457972527797791553,SELL,,,,,2021-08-03 01:00:11.503793 UTC
1627942268920653348,7457972527797791553,SELL,229.41,1000,,,,,,,,,,,2021-08-03 01:00:11.50381 UTC
1627942268920653350,7457972527797791553,SELL,229.4,1000,,,,,,,,,,,2021-08-03 01:00:11.593146 UTC
1627942268920653349,,,,,,,,,7457972527797791553,SELL,,,,,2021-08-03 01:00:11.593126 UTC
1627942268920653351,7457972527797792109,BUY,229.2,255,,,,,,,,,,,2021-08-03 01:00:11.604102 UTC
1627942268920653352,,,,,,,,,7457972527797791552,BUY,,,,,2021-08-03 01:00:11.724659 UTC
1627942268920653354,,,,,,,,,7457972527797792109,BUY,,,,,2021-08-03 01:00:11.725313 UTC
1627942268920653353,7457972527797791552,BUY,229.22,1000,,,,,,,,,,,2021-08-03 01:00:11.724679 UTC
1627942268920653355,,,,,,,,,7457972527797791553,SELL,,,,,2021-08-03 01:00:11.731509 UTC
1627942268920653356,7457972527797791553,SELL,229.41,1000,,,,,,,,,,,2021-08-03 01:00:11.731528 UTC
1627942268920653357,,,,,,,,,7457972527797791553,SELL,,,,,2021-08-03 01:00:11.745156 UTC
1627942268920653358,7457972527797791553,SELL,229.4,1000,,,,,,,,,,,2021-08-03 01:00:11.745176 UTC
1627942268920653359,,,,,,,,,7457972527797791553,SELL,,,,,2021-08-03 01:00:11.747793 UTC
1627942268920653360,7457972527797791553,SELL,229.41,1000,,,,,,,,,,,2021-08-03 01:00:11.747812 UTC
1627942268920653361,,,,,,,,,7457972527797791553,SELL,,,,,2021-08-03 01:00:11.801964 UTC
1627942268920653362,7457972527797791553,SELL,229.42,1000,,,,,,,,,,,2021-08-03 01:00:11.80198 UTC
1627942268920653363,,,,,,,,,7457972527797791552,BUY,,,,,2021-08-03 01:00:11.802031 UTC
1627942268920653364,7457972527797791552,BUY,229.23,1000,,,,,,,,,,,2021-08-03 01:00:11.802066 UTC
1627942268920653365,,,,,,,,,7457972527797790640,BUY,,,,,2021-08-03 01:00:11.802535 UTC
1627942268920653367,,,,,,,,,7457972527797791553,SELL,,,,,2021-08-03 01:00:11.802759 UTC
1627942268920653366,,,,,,,,,7457972527797790290,BUY,,,,,2021-08-03 01:00:11.802624 UTC
1627942268920653368,7457972527797791553,SELL,229.41,1000,,,,,,,,,,,2021-08-03 01:00:11.802775 UTC
1627942268920653369,,,,,,,,,7457972527797791553,SELL,,,,,2021-08-03 01:00:11.803223 UTC
1627942268920653370,7457972527797791553,SELL,229.4,1000,,,,,,,,,,,2021-08-03 01:00:11.803242 UTC
1627942268920653371,,,,,,,,,7457972527797791553,SELL,,,,,2021-08-03 01:00:11.828234 UTC
1627942268920653372,7457972527797791553,SELL,229.41,1000,,,,,,,,,,,2021-08-03 01:00:11.828253 UTC
1627942268920653373,7457972527797792151,BUY,229.2,45,,,,,,,,,,,2021-08-03 01:00:11.903603 UTC
1627942268920653374,,,,,,,,,7457972527797791553,SELL,,,,,2021-08-03 01:00:11.951927 UTC
1627942268920653375,7457972527797791553,SELL,229.4,1000,,,,,,,,,,,2021-08-03 01:00:11.951949 UTC
1627942268920653376,,,,,,,,,7457972527797791552,BUY,,,,,2021-08-03 01:00:12.063305 UTC
1627942268920653377,7457972527797791552,BUY,229.22,1000,,,,,,,,,,,2021-08-03 01:00:12.063322 UTC
1627942268920653378,,,,,,,,,7457972527797791552,BUY,,,,,2021-08-03 01:00:12.918912 UTC
1627942268920653379,7457972527797791552,BUY,229.21,1000,,,,,,,,,,,2021-08-03 01:00:12.918932 UTC
1627942268920653380,,,,,,,,,7457972527797792151,BUY,,,,,2021-08-03 01:00:12.91947 UTC
1627942268920653381,,,,,,,,,7457972527797791552,BUY,,,,,2021-08-03 01:00:12.99341 UTC
1627942268920653382,7457972527797791552,BUY,229.22,1000,,,,,,,,,,,2021-08-03 01:00:12.993447 UTC
1627942268920653383,7457972527797792358,BUY,229,300,,,,,,,,,,,2021-08-03 01:00:13.094134 UTC
1627942268920653384,,,,,,,,,7457972527797791552,BUY,,,,,2021-08-03 01:00:13.176542 UTC
1627942268920653385,7457972527797791552,BUY,229.21,1000,,,,,,,,,,,2021-08-03 01:00:13.176582 UTC
1627942268920653386,,,,,,,,,7457972527797791553,SELL,,,,,2021-08-03 01:00:13.176884 UTC
1627942268920653387,7457972527797791553,SELL,229.39,1000,,,,,,,,,,,2021-08-03 01:00:13.176903 UTC
1627942268920653388,,,,,,,,,7457972527797791552,BUY,,,,,2021-08-03 01:00:13.261468 UTC
1627942268920653390,,,,,,,,,7457972527797791552,BUY,,,,,2021-08-03 01:00:13.491391 UTC
1627942268920653389,7457972527797791552,BUY,229.2,1000,,,,,,,,,,,2021-08-03 01:00:13.261493 UTC
1627942268920653392,,,,,,,,,7457972527797791553,SELL,,,,,2021-08-03 01:00:13.494492 UTC
1627942268920653391,7457972527797791552,BUY,229.19,1000,,,,,,,,,,,2021-08-03 01:00:13.49141 UTC
1627942268920653393,7457972527797791553,SELL,229.38,1000,,,,,,,,,,,2021-08-03 01:00:13.494528 UTC
1627942268920653394,,,,,,,,,7457972527797791552,BUY,,,,,2021-08-03 01:00:13.495352 UTC
1627942268920653396,,,,,,,,,7457972527797791553,SELL,,,,,2021-08-03 01:00:13.495622 UTC
1627942268920653395,7457972527797791552,BUY,229.18,1000,,,,,,,,,,,2021-08-03 01:00:13.495368 UTC
1627942268920653397,7457972527797791553,SELL,229.37,1000,,,,,,,,,,,2021-08-03 01:00:13.495641 UTC
1627942268920653398,,,,,,,,,7457972527797791553,SELL,,,,,2021-08-03 01:00:13.570595 UTC
1627942268920653399,7457972527797791553,SELL,229.38,1000,,,,,,,,,,,2021-08-03 01:00:13.570617 UTC
1627942268920653400,,,,,,,,,7457972527797791552,BUY,,,,,2021-08-03 01:00:13.570649 UTC
1627942268920653401,7457972527797791552,BUY,229.2,1000,,,,,,,,,,,2021-08-03 01:00:13.57065 UTC
1627942268920653402,,,,,,,,,7457972527797791553,SELL,,,,,2021-08-03 01:00:14.002546 UTC
1627942268920653403,7457972527797791553,SELL,229.39,1000,,,,,,,,,,,2021-08-03 01:00:14.002565 UTC
1627942268920653404,,,,,,,,,7457972527797791553,SELL,,,,,2021-08-03 01:00:14.06315 UTC
1627942268920653405,7457972527797791553,SELL,229.4,1000,,,,,,,,,,,2021-08-03 01:00:14.063167 UTC
1627942268920653406,,,,,,,,,7457972527797791553,SELL,,,,,2021-08-03 01:00:14.063604 UTC
1627942268920653407,7457972527797791553,SELL,229.39,1000,,,,,,,,,,,2021-08-03 01:00:14.063621 UTC
1627942268920653408,7457972527797792512,BUY,229.2,45,,,,,,,,,,,2021-08-03 01:00:14.103825 UTC
1627942268920653409,,,,,,,,,7457972527797791553,SELL,,,,,2021-08-03 01:00:14.315107 UTC
1627942268920653410,7457972527797791553,SELL,229.4,1000,,,,,,,,,,,2021-08-03 01:00:14.315136 UTC
1627942268920653412,7457972527797791552,BUY,229.22,1000,,,,,,,,,,,2021-08-03 01:00:14.315269 UTC
1627942268920653411,,,,,,,,,7457972527797791552,BUY,,,,,2021-08-03 01:00:14.315253 UTC
1627942268920653414,7457972527797791552,BUY,229.21,1000,,,,,,,,,,,2021-08-03 01:00:14.316444 UTC
1627942268920653413,,,,,,,,,7457972527797791552,BUY,,,,,2021-08-03 01:00:14.316425 UTC
1627942268920653415,,,,,,,,,7457972527797791553,SELL,,,,,2021-08-03 01:00:14.447228 UTC
1627942268920653416,7457972527797791553,SELL,229.41,1000,,,,,,,,,,,2021-08-03 01:00:14.447246 UTC
1627942268920653417,,,,,,,,,7457972527797791646,SELL,,,,,2021-08-03 01:00:14.447359 UTC
1627942268920653418,,,,,,,,,7457972527797791552,BUY,,,,,2021-08-03 01:00:14.498347 UTC
1627942268920653419,7457972527797791552,BUY,229.22,1000,,,,,,,,,,,2021-08-03 01:00:14.498366 UTC
1627942268920653420,,,,,,,,,7457972527797791553,SELL,,,,,2021-08-03 01:00:14.499927 UTC
1627942268920653421,7457972527797791553,SELL,229.42,1000,,,,,,,,,,,2021-08-03 01:00:14.499945 UTC
1627942268920653422,,,,,,,,,7457972527797791552,BUY,,,,,2021-08-03 01:00:14.500227 UTC
1627942268920653423,7457972527797791552,BUY,229.23,1000,,,,,,,,,,,2021-08-03 01:00:14.500246 UTC
1627942268920653424,,,,,,,,,7457972527797791553,SELL,,,,,2021-08-03 01:00:14.500378 UTC
1627942268920653425,7457972527797791553,SELL,229.41,1000,,,,,,,,,,,2021-08-03 01:00:14.500412 UTC
1627942268920653426,,,,,,,,,7457972527797791552,BUY,,,,,2021-08-03 01:00:14.512118 UTC
1627942268920653427,7457972527797791552,BUY,229.22,1000,,,,,,,,,,,2021-08-03 01:00:14.512138 UTC
1627942268920653428,7457972527797792675,BUY,229.2,255,,,,,,,,,,,2021-08-03 01:00:14.600002 UTC
1627942268920653429,7457972527797792677,SELL,229.4,300,,,,,,,,,,,2021-08-03 01:00:14.602187 UTC
1627942268920653430,,,,,,,,,7457972527797791552,BUY,,,,,2021-08-03 01:00:14.650644 UTC
1627942268920653431,7457972527797791552,BUY,229.23,1000,,,,,,,,,,,2021-08-03 01:00:14.650665 UTC
1627942268920653432,,,,,,,,,7457972527797791553,SELL,,,,,2021-08-03 01:00:14.728623 UTC
1627942268920653433,7457972527797791553,SELL,229.42,1000,,,,,,,,,,,2021-08-03 01:00:14.728648 UTC
1627942268920653434,,,,,,,,,7457972527797791553,SELL,,,,,2021-08-03 01:00:14.737051 UTC
1627942268920653435,7457972527797791553,SELL,229.41,1000,,,,,,,,,,,2021-08-03 01:00:14.737071 UTC
1627942268920653436,,,,,,,,,7457972527797791553,SELL,,,,,2021-08-03 01:00:14.747488 UTC
1627942268920653438,,,,,,,,,7457972527797791552,BUY,,,,,2021-08-03 01:00:15.000883 UTC
1627942268920653437,7457972527797791553,SELL,229.42,1000,,,,,,,,,,,2021-08-03 01:00:14.747507 UTC
1627942268920653439,7457972527797791552,BUY,229.24,1000,,,,,,,,,,,2021-08-03 01:00:15.000914 UTC
1627942268920653440,,,,,,,,,7457972527797791553,SELL,,,,,2021-08-03 01:00:15.018588 UTC
1627942268920653442,,,,,,,,,7457972527797791553,SELL,,,,,2021-08-03 01:00:15.085797 UTC
1627942268920653441,7457972527797791553,SELL,229.43,1000,,,,,,,,,,,2021-08-03 01:00:15.018607 UTC
1627942268920653443,7457972527797791553,SELL,229.42,1000,,,,,,,,,,,2021-08-03 01:00:15.085817 UTC
1627942268920653444,,,,,,,,,7457972527797791553,SELL,,,,,2021-08-03 01:00:15.228202 UTC
1627942268920653445,7457972527797791553,SELL,229.43,1000,,,,,,,,,,,2021-08-03 01:00:15.228217 UTC
1627942268920653446,,,,,,,,,7457972527797791553,SELL,,,,,2021-08-03 01:00:15.418943 UTC
1627942268920653447,7457972527797791553,SELL,229.42,1000,,,,,,,,,,,2021-08-03 01:00:15.41896 UTC
1627942268920653448,,,,,,,,,7457972527797791553,SELL,,,,,2021-08-03 01:00:15.42038 UTC
1627942268920653449,7457972527797791553,SELL,229.43,1000,,,,,,,,,,,2021-08-03 01:00:15.420396 UTC
1627942268920653450,,,,,,,,,7457972527797791553,SELL,,,,,2021-08-03 01:00:15.728578 UTC
1627942268920653451,7457972527797791553,SELL,229.42,1000,,,,,,,,,,,2021-08-03 01:00:15.728598 UTC
1627942268920653452,,,,,,,,,7457972527797791553,SELL,,,,,2021-08-03 01:00:15.94493 UTC
1627942268920653453,7457972527797791553,SELL,229.44,1000,,,,,,,,,,,2021-08-03 01:00:15.944949 UTC
1627942268920653454,,,,,,,,,7457972527797791553,SELL,,,,,2021-08-03 01:00:15.946151 UTC
1627942268920653455,7457972527797791553,SELL,229.43,1000,,,,,,,,,,,2021-08-03 01:00:15.94617 UTC
1627942268920653456,,,,,,,,,7457972527797791553,SELL,,,,,2021-08-03 01:00:16.002924 UTC
1627942268920653457,7457972527797791553,SELL,229.42,1000,,,,,,,,,,,2021-08-03 01:00:16.002941 UTC
1627942268920653458,,,,,,,,,7457972527797791553,SELL,,,,,2021-08-03 01:00:16.00442 UTC
1627942268920653459,7457972527797791553,SELL,229.43,1000,,,,,,,,,,,2021-08-03 01:00:16.004439 UTC
1627942268920653460,,,,,,,,,7457972527797791553,SELL,,,,,2021-08-03 01:00:16.332336 UTC
1627942268920653461,7457972527797791553,SELL,229.42,1000,,,,,,,,,,,2021-08-03 01:00:16.332355 UTC
1627942268920653462,,,,,,,,,7457972527797791553,SELL,,,,,2021-08-03 01:00:16.332768 UTC
1627942268920653463,7457972527797791553,SELL,229.41,1000,,,,,,,,,,,2021-08-03 01:00:16.332786 UTC
1627942268920653465,7457972527797791553,SELL,229.42,1000,,,,,,,,,,,2021-08-03 01:00:16.333236 UTC
1627942268920653464,,,,,,,,,7457972527797791553,SELL,,,,,2021-08-03 01:00:16.333218 UTC
1627942268920653466,,,,,,,,,7457972527797791553,SELL,,,,,2021-08-03 01:00:16.333761 UTC
1627942268920653467,7457972527797791553,SELL,229.43,1000,,,,,,,,,,,2021-08-03 01:00:16.333779 UTC
1627942268920653468,,,,,,,,,7457972527797791553,SELL,,,,,2021-08-03 01:00:16.33454 UTC
1627942268920653469,7457972527797791553,SELL,229.42,1000,,,,,,,,,,,2021-08-03 01:00:16.33458 UTC
1627942268920653470,,,,,,,,,7457972527797791553,SELL,,,,,2021-08-03 01:00:16.335013 UTC
1627942268920653471,7457972527797791553,SELL,229.43,1000,,,,,,,,,,,2021-08-03 01:00:16.335031 UTC
1627942268920653473,7457972527797791553,SELL,229.42,1000,,,,,,,,,,,2021-08-03 01:00:16.475151 UTC
1627942268920653472,,,,,,,,,7457972527797791553,SELL,,,,,2021-08-03 01:00:16.475131 UTC
1627942268920653474,,,,,,,,,7457972527797791553,SELL,,,,,2021-08-03 01:00:16.710799 UTC
1627942268920653475,7457972527797791553,SELL,229.43,1000,,,,,,,,,,,2021-08-03 01:00:16.710819 UTC
1627942268920653476,,,,,,,,,7457972527797791553,SELL,,,,,2021-08-03 01:00:16.71217 UTC
1627942268920653477,7457972527797791553,SELL,229.42,1000,,,,,,,,,,,2021-08-03 01:00:16.712189 UTC
1627942268920653478,,,,,,,,,7457972527797791553,SELL,,,,,2021-08-03 01:00:16.788182 UTC
1627942268920653479,7457972527797791553,SELL,229.43,1000,,,,,,,,,,,2021-08-03 01:00:16.788202 UTC
1627942268920653480,,,,,,,,,7457972527797791553,SELL,,,,,2021-08-03 01:00:17.011938 UTC
1627942268920653481,7457972527797791553,SELL,229.42,1000,,,,,,,,,,,2021-08-03 01:00:17.011958 UTC
1627942268920653482,,,,,,,,,7457972527797791553,SELL,,,,,2021-08-03 01:00:17.049151 UTC
1627942268920653483,7457972527797791553,SELL,229.43,1000,,,,,,,,,,,2021-08-03 01:00:17.049172 UTC
1627942268920653484,,,,,,,,,7457972527797791552,BUY,,,,,2021-08-03 01:00:17.344237 UTC
1627942268920653485,7457972527797791552,BUY,229.25,1000,,,,,,,,,,,2021-08-03 01:00:17.344257 UTC
1627942268920653486,,,,,,,,,7457972527797791553,SELL,,,,,2021-08-03 01:00:17.502724 UTC
1627942268920653488,,,,,,,,,7457972527797791553,SELL,,,,,2021-08-03 01:00:17.50408 UTC
1627942268920653487,7457972527797791553,SELL,229.42,1000,,,,,,,,,,,2021-08-03 01:00:17.502741 UTC
1627942268920653489,7457972527797791553,SELL,229.43,1000,,,,,,,,,,,2021-08-03 01:00:17.504097 UTC
1627942268920653490,,,,,,,,,7457972527797791553,SELL,,,,,2021-08-03 01:00:17.773089 UTC
1627942268920653492,,,,,,,,,7457972527797791553,SELL,,,,,2021-08-03 01:00:17.774429 UTC
1627942268920653491,7457972527797791553,SELL,229.42,1000,,,,,,,,,,,2021-08-03 01:00:17.773118 UTC
1627942268920653493,7457972527797791553,SELL,229.43,1000,,,,,,,,,,,2021-08-03 01:00:17.774465 UTC
1627942268920653494,,,,,,,,,7457972527797791553,SELL,,,,,2021-08-03 01:00:17.800055 UTC
1627942268920653495,7457972527797791553,SELL,229.42,1000,,,,,,,,,,,2021-08-03 01:00:17.800075 UTC
1627942268920653496,,,,,,,,,7457972527797791553,SELL,,,,,2021-08-03 01:00:18.009872 UTC
1627942268920653497,7457972527797791553,SELL,229.43,1000,,,,,,,,,,,2021-08-03 01:00:18.009892 UTC
1627942268920653498,,,,,,,,,7457972527797791553,SELL,,,,,2021-08-03 01:00:18.01118 UTC
1627942268920653499,7457972527797791553,SELL,229.42,1000,,,,,,,,,,,2021-08-03 01:00:18.0112 UTC
1627942268920653500,,,,,,,,,7457972527797791553,SELL,,,,,2021-08-03 01:00:18.011683 UTC
1627942268920653501,7457972527797791553,SELL,229.43,1000,,,,,,,,,,,2021-08-03 01:00:18.011702 UTC
1627942268920653502,,,,,,,,,7457972527797791553,SELL,,,,,2021-08-03 01:00:18.013007 UTC
1627942268920653504,,,,,,,,,7457972527797791552,BUY,,,,,2021-08-03 01:00:18.013197 UTC
1627942268920653503,7457972527797791553,SELL,229.42,1000,,,,,,,,,,,2021-08-03 01:00:18.013026 UTC
1627942268920653505,7457972527797791552,BUY,229.24,1000,,,,,,,,,,,2021-08-03 01:00:18.013215 UTC
1627942268920653506,,,,,,,,,7457972527797791553,SELL,,,,,2021-08-03 01:00:18.014852 UTC
1627942268920653507,7457972527797791553,SELL,229.43,1000,,,,,,,,,,,2021-08-03 01:00:18.014871 UTC
1627942268920653508,,,,,,,,,7457972527797791553,SELL,,,,,2021-08-03 01:00:18.015312 UTC
1627942268920653509,7457972527797791553,SELL,229.42,1000,,,,,,,,,,,2021-08-03 01:00:18.015352 UTC
1627942268920653510,,,,,,,,,7457972527797791553,SELL,,,,,2021-08-03 01:00:18.102627 UTC
1627942268920653512,,,,,,,,,7457972527797791553,SELL,,,,,2021-08-03 01:00:18.160599 UTC
1627942268920653511,7457972527797791553,SELL,229.41,1000,,,,,,,,,,,2021-08-03 01:00:18.102648 UTC
1627942268920653513,7457972527797791553,SELL,229.43,1000,,,,,,,,,,,2021-08-03 01:00:18.160618 UTC
1627942268920653514,,,,,,,,,7457972527797791553,SELL,,,,,2021-08-03 01:00:18.162004 UTC
1627942268920653515,7457972527797791553,SELL,229.42,1000,,,,,,,,,,,2021-08-03 01:00:18.162051 UTC
1627942268920653516,,,,,,,,,7457972527797791553,SELL,,,,,2021-08-03 01:00:18.211643 UTC
1627942268920653517,7457972527797791553,SELL,229.41,1000,,,,,,,,,,,2021-08-03 01:00:18.211661 UTC
1627942268920653518,,,,,,,,,7457972527797791553,SELL,,,,,2021-08-03 01:00:18.244469 UTC
1627942268920653519,7457972527797791553,SELL,229.42,1000,,,,,,,,,,,2021-08-03 01:00:18.244488 UTC
1627942268920653520,,,,,,,,,7457972527797791553,SELL,,,,,2021-08-03 01:00:18.464349 UTC
1627942268920653522,,,,,,,,,7457972527797791553,SELL,,,,,2021-08-03 01:00:18.49929 UTC
1627942268920653521,7457972527797791553,SELL,229.43,1000,,,,,,,,,,,2021-08-03 01:00:18.464372 UTC
1627942268920653523,7457972527797791553,SELL,229.42,1000,,,,,,,,,,,2021-08-03 01:00:18.499309 UTC
1627942268920653525,7457972527797791553,SELL,229.43,1000,,,,,,,,,,,2021-08-03 01:00:18.500752 UTC
1627942268920653524,,,,,,,,,7457972527797791553,SELL,,,,,2021-08-03 01:00:18.500732 UTC
1627942268920653526,,,,,,,,,7457972527797791552,BUY,,,,,2021-08-03 01:00:18.609804 UTC
1627942268920653527,7457972527797791552,BUY,229.25,1000,,,,,,,,,,,2021-08-03 01:00:18.60982 UTC
1627942268920653528,,,,,,,,,7457972527797791553,SELL,,,,,2021-08-03 01:00:19.012925 UTC
1627942268920653529,7457972527797791553,SELL,229.44,1000,,,,,,,,,,,2021-08-03 01:00:19.012944 UTC
1627942268920653530,,,,,,,,,7457972527797791553,SELL,,,,,2021-08-03 01:00:19.01427 UTC
1627942268920653531,7457972527797791553,SELL,229.43,1000,,,,,,,,,,,2021-08-03 01:00:19.014306 UTC
1627942268920653533,7457972527797791553,SELL,229.42,1000,,,,,,,,,,,2021-08-03 01:00:19.108807 UTC
1627942268920653532,,,,,,,,,7457972527797791553,SELL,,,,,2021-08-03 01:00:19.108787 UTC
1627942268920653535,7457972527797791553,SELL,229.43,1000,,,,,,,,,,,2021-08-03 01:00:19.110139 UTC
1627942268920653534,,,,,,,,,7457972527797791553,SELL,,,,,2021-08-03 01:00:19.11012 UTC
1627942268920653536,,,,,,,,,7457972527797791553,SELL,,,,,2021-08-03 01:00:19.210682 UTC
1627942268920653537,7457972527797791553,SELL,229.44,1000,,,,,,,,,,,2021-08-03 01:00:19.210703 UTC
1627942268920653538,,,,,,,,,7457972527797791553,SELL,,,,,2021-08-03 01:00:19.21212 UTC
1627942268920653539,7457972527797791553,SELL,229.43,1000,,,,,,,,,,,2021-08-03 01:00:19.212139 UTC
1627942268920653540,,,,,,,,,7457972527797791553,SELL,,,,,2021-08-03 01:00:19.841627 UTC
1627942268920653541,7457972527797791553,SELL,229.44,1000,,,,,,,,,,,2021-08-03 01:00:19.841653 UTC
1627942268920653542,,,,,,,,,7457972527797792677,SELL,,,,,2021-08-03 01:00:19.841766 UTC
1627942268920653543,7457972527797793356,SELL,229.4,300,,,,,,,,,,,2021-08-03 01:00:19.942387 UTC
1627942268920653544,,,,,,,,,7457972527797791553,SELL,,,,,2021-08-03 01:00:20.004848 UTC
1627942268920653545,7457972527797791553,SELL,229.42,1000,,,,,,,,,,,2021-08-03 01:00:20.004867 UTC
1627942268920653546,,,,,,,,,7457972527797791553,SELL,,,,,2021-08-03 01:00:20.005857 UTC
1627942268920653548,,,,,,,,,7457972527797791553,SELL,,,,,2021-08-03 01:00:20.006307 UTC
1627942268920653547,7457972527797791553,SELL,229.43,1000,,,,,,,,,,,2021-08-03 01:00:20.005877 UTC
1627942268920653549,7457972527797791553,SELL,229.44,1000,,,,,,,,,,,2021-08-03 01:00:20.006326 UTC
1627942268920653550,,,,,,,,,7457972527797791552,BUY,,,,,2021-08-03 01:00:20.020185 UTC
1627942268920653551,7457972527797791552,BUY,229.26,1000,,,,,,,,,,,2021-08-03 01:00:20.020203 UTC
1627942268920653552,,,,,,,,,7457972527797792512,BUY,,,,,2021-08-03 01:00:20.020315 UTC
1627942268920653553,,,,,,,,,7457972527797792675,BUY,,,,,2021-08-03 01:00:20.020389 UTC
1627942268920653555,7457972527797793406,BUY,229.2,300,,,,,,,,,,,2021-08-03 01:00:20.120532 UTC
1627942268920653554,,,,,,,,,7457972527797792358,BUY,,,,,2021-08-03 01:00:20.020473 UTC
1627942268920653556,,,,,,,,,7457972527797791553,SELL,,,,,2021-08-03 01:00:20.210656 UTC
1627942268920653557,7457972527797791553,SELL,229.45,1000,,,,,,,,,,,2021-08-03 01:00:20.210672 UTC
1627942268920653559,7457972527797791553,SELL,229.44,1000,,,,,,,,,,,2021-08-03 01:00:20.211862 UTC
1627942268920653558,,,,,,,,,7457972527797791553,SELL,,,,,2021-08-03 01:00:20.211846 UTC
1627942268920653560,,,,,,,,,7457972527797791553,SELL,,,,,2021-08-03 01:00:20.246843 UTC
1627942268920653561,7457972527797791553,SELL,229.43,1000,,,,,,,,,,,2021-08-03 01:00:20.246862 UTC
1627942268920653562,,,,,,,,,7457972527797791553,SELL,,,,,2021-08-03 01:00:20.347312 UTC
1627942268920653563,7457972527797791553,SELL,229.44,1000,,,,,,,,,,,2021-08-03 01:00:20.34733 UTC
1627942268920653564,,,,,,,,,7457972527797791553,SELL,,,,,2021-08-03 01:00:20.348691 UTC
1627942268920653566,,,,,,,,,7457972527797791553,SELL,,,,,2021-08-03 01:00:20.357698 UTC
1627942268920653565,7457972527797791553,SELL,229.43,1000,,,,,,,,,,,2021-08-03 01:00:20.348709 UTC
1627942268920653567,7457972527797791553,SELL,229.42,1000,,,,,,,,,,,2021-08-03 01:00:20.357717 UTC
1627942268920653568,,,,,,,,,7457972527797791553,SELL,,,,,2021-08-03 01:00:20.359169 UTC
1627942268920653569,7457972527797791553,SELL,229.43,1000,,,,,,,,,,,2021-08-03 01:00:20.359188 UTC
1627942268920653570,,,,,,,,,7457972527797791553,SELL,,,,,2021-08-03 01:00:20.360086 UTC
1627942268920653571,7457972527797791553,SELL,229.42,1000,,,,,,,,,,,2021-08-03 01:00:20.360105 UTC
1627942268920653572,,,,,,,,,7457972527797791553,SELL,,,,,2021-08-03 01:00:20.434212 UTC
1627942268920653573,7457972527797791553,SELL,229.43,1000,,,,,,,,,,,2021-08-03 01:00:20.434232 UTC
1627942268920653575,7457972527797791552,BUY,229.25,1000,,,,,,,,,,,2021-08-03 01:00:20.513479 UTC
1627942268920653574,,,,,,,,,7457972527797791552,BUY,,,,,2021-08-03 01:00:20.513462 UTC
1627942268920653576,,,,,,,,,7457972527797791553,SELL,,,,,2021-08-03 01:00:20.513885 UTC
1627942268920653578,,,,,,,,,7457972527797791553,SELL,,,,,2021-08-03 01:00:20.514323 UTC
1627942268920653577,7457972527797791553,SELL,229.41,1000,,,,,,,,,,,2021-08-03 01:00:20.513902 UTC
1627942268920653579,7457972527797791553,SELL,229.43,1000,,,,,,,,,,,2021-08-03 01:00:20.514354 UTC
1627942268920653580,,,,,,,,,7457972527797791553,SELL,,,,,2021-08-03 01:00:20.515139 UTC
1627942268920653581,7457972527797791553,SELL,229.44,1000,,,,,,,,,,,2021-08-03 01:00:20.515156 UTC
1627942268920653582,,,,,,,,,7457972527797791553,SELL,,,,,2021-08-03 01:00:20.515567 UTC
1627942268920653583,7457972527797791553,SELL,229.43,1000,,,,,,,,,,,2021-08-03 01:00:20.515584 UTC
1627942268920653584,,,,,,,,,7457972527797791553,SELL,,,,,2021-08-03 01:00:20.824966 UTC
1627942268920653586,,,,,,,,,7457972527797791553,SELL,,,,,2021-08-03 01:00:21.004754 UTC
1627942268920653585,7457972527797791553,SELL,229.42,1000,,,,,,,,,,,2021-08-03 01:00:20.825001 UTC
1627942268920653587,7457972527797791553,SELL,229.43,1000,,,,,,,,,,,2021-08-03 01:00:21.004773 UTC
1627942268920653588,,,,,,,,,7457972527797791553,SELL,,,,,2021-08-03 01:00:21.005193 UTC
1627942268920653589,7457972527797791553,SELL,229.42,1000,,,,,,,,,,,2021-08-03 01:00:21.005212 UTC
1627942268920653590,,,,,,,,,7457972527797791553,SELL,,,,,2021-08-03 01:00:21.006017 UTC
1627942268920653591,7457972527797791553,SELL,229.41,1000,,,,,,,,,,,2021-08-03 01:00:21.006035 UTC
1627942268920653592,,,,,,,,,7457972527797791553,SELL,,,,,2021-08-03 01:00:21.006463 UTC
1627942268920653593,7457972527797791553,SELL,229.42,1000,,,,,,,,,,,2021-08-03 01:00:21.006481 UTC
1627942268920653594,,,,,,,,,7457972527797791553,SELL,,,,,2021-08-03 01:00:21.047386 UTC
1627942268920653595,7457972527797791553,SELL,229.43,1000,,,,,,,,,,,2021-08-03 01:00:21.047425 UTC
1627942268920653596,,,,,,,,,7457972527797791553,SELL,,,,,2021-08-03 01:00:21.21816 UTC
1627942268920653597,7457972527797791553,SELL,229.41,1000,,,,,,,,,,,2021-08-03 01:00:21.218179 UTC
1627942268920653598,,,,,,,,,7457972527797791553,SELL,,,,,2021-08-03 01:00:21.219291 UTC
1627942268920653599,7457972527797791553,SELL,229.42,1000,,,,,,,,,,,2021-08-03 01:00:21.219311 UTC
1627942268920653600,,,,,,,,,7457972527797791553,SELL,,,,,2021-08-03 01:00:21.324885 UTC
1627942268920653601,7457972527797791553,SELL,229.43,1000,,,,,,,,,,,2021-08-03 01:00:21.324905 UTC
1627942268920653602,,,,,,,,,7457972527797791553,SELL,,,,,2021-08-03 01:00:21.499695 UTC
1627942268920653603,7457972527797791553,SELL,229.42,1000,,,,,,,,,,,2021-08-03 01:00:21.499712 UTC
1627942268920653604,,,,,,,,,7457972527797791553,SELL,,,,,2021-08-03 01:00:21.763541 UTC
1627942268920653605,7457972527797791553,SELL,229.43,1000,,,,,,,,,,,2021-08-03 01:00:21.763559 UTC
1627942268920653606,,,,,,,,,7457972527797791553,SELL,,,,,2021-08-03 01:00:21.817857 UTC
1627942268920653607,7457972527797791553,SELL,229.42,1000,,,,,,,,,,,2021-08-03 01:00:21.817874 UTC
1627942268920653608,,,,,,,,,7457972527797791553,SELL,,,,,2021-08-03 01:00:22.005531 UTC
1627942268920653609,7457972527797791553,SELL,229.41,1000,,,,,,,,,,,2021-08-03 01:00:22.005546 UTC
1627942268920653610,,,,,,,,,7457972527797791553,SELL,,,,,2021-08-03 01:00:22.005975 UTC
1627942268920653611,7457972527797791553,SELL,229.42,1000,,,,,,,,,,,2021-08-03 01:00:22.005991 UTC
1627942268920653612,,,,,,,,,7457972527797791553,SELL,,,,,2021-08-03 01:00:22.006821 UTC
1627942268920653613,7457972527797791553,SELL,229.43,1000,,,,,,,,,,,2021-08-03 01:00:22.006836 UTC
1627942268920653614,,,,,,,,,7457972527797791553,SELL,,,,,2021-08-03 01:00:22.00729 UTC
1627942268920653615,7457972527797791553,SELL,229.42,1000,,,,,,,,,,,2021-08-03 01:00:22.007316 UTC
1627942268920653616,,,,,,,,,7457972527797791553,SELL,,,,,2021-08-03 01:00:22.068533 UTC
1627942268920653617,7457972527797791553,SELL,229.43,1000,,,,,,,,,,,2021-08-03 01:00:22.068553 UTC
1627942268920653618,,,,,,,,,7457972527797791553,SELL,,,,,2021-08-03 01:00:22.069683 UTC
1627942268920653619,7457972527797791553,SELL,229.42,1000,,,,,,,,,,,2021-08-03 01:00:22.069702 UTC
1627942268920653620,,,,,,,,,7457972527797791553,SELL,,,,,2021-08-03 01:00:22.161795 UTC
1627942268920653621,7457972527797791553,SELL,229.5,1000,,,,,,,,,,,2021-08-03 01:00:22.161812 UTC
1627942268920653622,,,,,,,,,7457972527797791553,SELL,,,,,2021-08-03 01:00:22.300659 UTC
1627942268920653623,7457972527797791553,SELL,229.42,1000,,,,,,,,,,,2021-08-03 01:00:22.300696 UTC
1627942268920653624,,,,,,,,,7457972527797791553,SELL,,,,,2021-08-03 01:00:22.398154 UTC
1627942268920653625,7457972527797791553,SELL,229.43,1000,,,,,,,,,,,2021-08-03 01:00:22.398172 UTC
1627942268920653626,,,,,,,,,7457972527797791553,SELL,,,,,2021-08-03 01:00:22.443506 UTC
1627942268920653627,7457972527797791553,SELL,229.44,1000,,,,,,,,,,,2021-08-03 01:00:22.443523 UTC
1627942268920653628,,,,,,,,,7457972527797791553,SELL,,,,,2021-08-03 01:00:22.597503 UTC
1627942268920653629,7457972527797791553,SELL,229.43,1000,,,,,,,,,,,2021-08-03 01:00:22.597521 UTC
1627942268920653630,,,,,,,,,7457972527797791553,SELL,,,,,2021-08-03 01:00:22.598693 UTC
1627942268920653631,7457972527797791553,SELL,229.44,1000,,,,,,,,,,,2021-08-03 01:00:22.598711 UTC
1627942268920653632,,,,,,,,,7457972527797791553,SELL,,,,,2021-08-03 01:00:22.793371 UTC
1627942268920653633,7457972527797791553,SELL,229.43,1000,,,,,,,,,,,2021-08-03 01:00:22.793389 UTC
1627942268920653634,,,,,,,,,7457972527797791553,SELL,,,,,2021-08-03 01:00:22.924781 UTC
1627942268920653635,7457972527797791553,SELL,229.42,1000,,,,,,,,,,,2021-08-03 01:00:22.924814 UTC
1627942268920653636,,,,,,,,,7457972527797791553,SELL,,,,,2021-08-03 01:00:23.015116 UTC
1627942268920653637,7457972527797791553,SELL,229.43,1000,,,,,,,,,,,2021-08-03 01:00:23.015135 UTC
1627942268920653638,,,,,,,,,7457972527797791553,SELL,,,,,2021-08-03 01:00:23.331627 UTC
1627942268920653639,7457972527797791553,SELL,229.42,1000,,,,,,,,,,,2021-08-03 01:00:23.331667 UTC
1627942268920653640,,,,,,,,,7457972527797791553,SELL,,,,,2021-08-03 01:00:23.503057 UTC
1627942268920653641,7457972527797791553,SELL,229.41,1000,,,,,,,,,,,2021-08-03 01:00:23.503106 UTC
1627942268920653643,7457972527797791553,SELL,229.42,1000,,,,,,,,,,,2021-08-03 01:00:23.504031 UTC
1627942268920653642,,,,,,,,,7457972527797791553,SELL,,,,,2021-08-03 01:00:23.504014 UTC
1627942268920653644,,,,,,,,,7457972527797791552,BUY,,,,,2021-08-03 01:00:23.692256 UTC
1627942268920653646,,,,,7457972527797793406,BUY,229.2,45,,,,,,,2021-08-03 01:00:23.693104 UTC
1627942268920653645,7457972527797791552,BUY,229.24,1000,,,,,,,,,,,2021-08-03 01:00:23.692274 UTC
1627942268920653647,,,,,,,,,7457972527797791553,SELL,,,,,2021-08-03 01:00:23.733479 UTC
1627942268920653648,7457972527797791553,SELL,229.41,1000,,,,,,,,,,,2021-08-03 01:00:23.733503 UTC
1627942268920653649,7457972527797794166,BUY,229.2,255,,,,,,,,,,,2021-08-03 01:00:23.811693 UTC
1627942268920653650,,,,,,,,,7457972527797791552,BUY,,,,,2021-08-03 01:00:24.521728 UTC
1627942268920653651,7457972527797791552,BUY,229.23,1000,,,,,,,,,,,2021-08-03 01:00:24.521766 UTC
1627942268920653653,,,,,,,,,7457972527797791553,SELL,,,,,2021-08-03 01:00:24.522992 UTC
1627942268920653652,,,,,,,,,7457972527797794166,BUY,,,,,2021-08-03 01:00:24.522324 UTC
1627942268920653654,7457972527797791553,SELL,229.42,1000,,,,,,,,,,,2021-08-03 01:00:24.523012 UTC
1627942268920653655,,,,,,,,,7457972527797791553,SELL,,,,,2021-08-03 01:00:24.744922 UTC
1627942268920653656,7457972527797791553,SELL,229.41,1000,,,,,,,,,,,2021-08-03 01:00:24.744942 UTC
1627942268920653657,,,,,,,,,7457972527797791553,SELL,,,,,2021-08-03 01:00:25.002015 UTC
1627942268920653658,7457972527797791553,SELL,229.43,1000,,,,,,,,,,,2021-08-03 01:00:25.00206 UTC
1627942268920653659,,,,,,,,,7457972527797791553,SELL,,,,,2021-08-03 01:00:25.002485 UTC
1627942268920653660,7457972527797791553,SELL,229.42,1000,,,,,,,,,,,2021-08-03 01:00:25.002523 UTC
1627942268920653661,,,,,,,,,7457972527797793356,SELL,,,,,2021-08-03 01:00:25.00262 UTC
1627942268920653662,7457972527797794379,BUY,229.2,255,,,,,,,,,,,2021-08-03 01:00:25.101861 UTC
1627942268920653663,7457972527797794380,SELL,229.4,300,,,,,,,,,,,2021-08-03 01:00:25.102861 UTC
1627942268920653664,,,,,,,,,7457972527797791553,SELL,,,,,2021-08-03 01:00:25.103338 UTC
1627942268920653665,7457972527797791553,SELL,229.41,1000,,,,,,,,,,,2021-08-03 01:00:25.103357 UTC
1627942268920653666,,,,,,,,,7457972527797791553,SELL,,,,,2021-08-03 01:00:25.291692 UTC
1627942268920653667,7457972527797791553,SELL,229.42,1000,,,,,,,,,,,2021-08-03 01:00:25.291711 UTC
1627942268920653668,,,,,,,,,7457972527797791553,SELL,,,,,2021-08-03 01:00:25.721798 UTC
1627942268920653669,7457972527797791553,SELL,229.41,1000,,,,,,,,,,,2021-08-03 01:00:25.721818 UTC
1627942268920653670,,,,,,,,,7457972527797791553,SELL,,,,,2021-08-03 01:00:25.723133 UTC
1627942268920653671,7457972527797791553,SELL,229.42,1000,,,,,,,,,,,2021-08-03 01:00:25.723153 UTC
1627942268920653673,7457972527797791553,SELL,229.41,1000,,,,,,,,,,,2021-08-03 01:00:25.995384 UTC
1627942268920653672,,,,,,,,,7457972527797791553,SELL,,,,,2021-08-03 01:00:25.995365 UTC
1627942268920653674,,,,,,,,,7457972527797794379,BUY,,,,,2021-08-03 01:00:26.508519 UTC
1627942268920653675,,,,,,,,,7457972527797791553,SELL,,,,,2021-08-03 01:00:26.508597 UTC
1627942268920653676,7457972527797791553,SELL,229.4,1000,,,,,,,,,,,2021-08-03 01:00:26.508616 UTC
1627942268920653677,,,,,,,,,7457972527797791553,SELL,,,,,2021-08-03 01:00:26.509013 UTC
1627942268920653679,,,,,,,,,7457972527797791553,SELL,,,,,2021-08-03 01:00:26.83911 UTC
1627942268920653678,7457972527797791553,SELL,229.41,1000,,,,,,,,,,,2021-08-03 01:00:26.509032 UTC
1627942268920653680,7457972527797791553,SELL,229.4,1000,,,,,,,,,,,2021-08-03 01:00:26.83913 UTC
1627942268920653681,,,,,,,,,7457972527797791553,SELL,,,,,2021-08-03 01:00:27.210298 UTC
1627942268920653682,7457972527797791553,SELL,229.41,1000,,,,,,,,,,,2021-08-03 01:00:27.210324 UTC
1627942268920653683,,,,,,,,,7457972527797791553,SELL,,,,,2021-08-03 01:00:27.21105 UTC
1627942268920653684,7457972527797791553,SELL,229.4,1000,,,,,,,,,,,2021-08-03 01:00:27.211065 UTC
1627942268920653685,,,,,,,,,7457972527797791553,SELL,,,,,2021-08-03 01:00:27.21148 UTC
1627942268920653686,7457972527797791553,SELL,229.41,1000,,,,,,,,,,,2021-08-03 01:00:27.211511 UTC
1627942268920653687,,,,,,,,,7457972527797791552,BUY,,,,,2021-08-03 01:00:27.211603 UTC
1627942268920653688,7457972527797791552,BUY,229.22,1000,,,,,,,,,,,2021-08-03 01:00:27.211627 UTC
1627942268920653689,,,,,,,,,7457972527797791553,SELL,,,,,2021-08-03 01:00:27.211918 UTC
1627942268920653691,,,,,,,,,7457972527797791553,SELL,,,,,2021-08-03 01:00:27.212352 UTC
1627942268920653690,7457972527797791553,SELL,229.4,1000,,,,,,,,,,,2021-08-03 01:00:27.211954 UTC
1627942268920653692,7457972527797791553,SELL,229.41,1000,,,,,,,,,,,2021-08-03 01:00:27.212368 UTC
1627942268920653693,,,,,,,,,7457972527797791553,SELL,,,,,2021-08-03 01:00:27.502959 UTC
1627942268920653694,7457972527797791553,SELL,229.4,1000,,,,,,,,,,,2021-08-03 01:00:27.502979 UTC
1627942268920653695,,,,,,,,,7457972527797791553,SELL,,,,,2021-08-03 01:00:27.553202 UTC
1627942268920653696,7457972527797791553,SELL,229.41,1000,,,,,,,,,,,2021-08-03 01:00:27.553243 UTC
1627942268920653697,7457972527797794698,BUY,229.2,255,,,,,,,,,,,2021-08-03 01:00:27.602803 UTC
1627942268920653698,,,,,,,,,7457972527797791553,SELL,,,,,2021-08-03 01:00:27.673887 UTC
1627942268920653699,7457972527797791553,SELL,229.4,1000,,,,,,,,,,,2021-08-03 01:00:27.673907 UTC
1627942268920653700,,,,,,,,,7457972527797791553,SELL,,,,,2021-08-03 01:00:27.847433 UTC
1627942268920653701,7457972527797791553,SELL,229.41,1000,,,,,,,,,,,2021-08-03 01:00:27.847452 UTC
1627942268920653702,,,,,,,,,7457972527797791552,BUY,,,,,2021-08-03 01:00:28.009818 UTC
1627942268920653704,,,,,,,,,7457972527797791553,SELL,,,,,2021-08-03 01:00:28.011384 UTC
1627942268920653703,7457972527797791552,BUY,229.23,1000,,,,,,,,,,,2021-08-03 01:00:28.009854 UTC
1627942268920653705,7457972527797791553,SELL,229.4,1000,,,,,,,,,,,2021-08-03 01:00:28.011402 UTC
1627942268920653706,,,,,,,,,7457972527797791552,BUY,,,,,2021-08-03 01:00:28.197971 UTC
1627942268920653707,7457972527797791552,BUY,229.22,1000,,,,,,,,,,,2021-08-03 01:00:28.198003 UTC
1627942268920653708,,,,,,,,,7457972527797791553,SELL,,,,,2021-08-03 01:00:28.254821 UTC
1627942268920653709,7457972527797791553,SELL,229.41,1000,,,,,,,,,,,2021-08-03 01:00:28.25484 UTC
1627942268920653710,,,,,,,,,7457972527797791553,SELL,,,,,2021-08-03 01:00:28.299489 UTC
1627942268920653711,7457972527797791553,SELL,229.4,1000,,,,,,,,,,,2021-08-03 01:00:28.299506 UTC
1627942268920653712,,,,,,,,,7457972527797791553,SELL,,,,,2021-08-03 01:00:28.419759 UTC
1627942268920653713,7457972527797791553,SELL,229.41,1000,,,,,,,,,,,2021-08-03 01:00:28.419794 UTC
1627942268920653714,,,,,,,,,7457972527797791553,SELL,,,,,2021-08-03 01:00:28.500963 UTC
1627942268920653715,7457972527797791553,SELL,229.42,1000,,,,,,,,,,,2021-08-03 01:00:28.500982 UTC
1627942268920653716,,,,,,,,,7457972527797791553,SELL,,,,,2021-08-03 01:00:28.501427 UTC
1627942268920653717,7457972527797791553,SELL,229.41,1000,,,,,,,,,,,2021-08-03 01:00:28.501446 UTC
1627942268920653718,,,,,,,,,7457972527797791553,SELL,,,,,2021-08-03 01:00:28.501931 UTC
1627942268920653719,7457972527797791553,SELL,229.4,1000,,,,,,,,,,,2021-08-03 01:00:28.50195 UTC
1627942268920653721,7457972527797791553,SELL,229.41,1000,,,,,,,,,,,2021-08-03 01:00:28.800347 UTC
1627942268920653720,,,,,,,,,7457972527797791553,SELL,,,,,2021-08-03 01:00:28.800305 UTC
1627942268920653722,,,,,,,,,7457972527797791553,SELL,,,,,2021-08-03 01:00:29.011624 UTC
1627942268920653723,7457972527797791553,SELL,229.42,1000,,,,,,,,,,,2021-08-03 01:00:29.011649 UTC
1627942268920653724,,,,,,,,,7457972527797791552,BUY,,,,,2021-08-03 01:00:29.01177 UTC
1627942268920653725,7457972527797791552,BUY,229.24,1000,,,,,,,,,,,2021-08-03 01:00:29.011789 UTC
1627942268920653726,,,,,,,,,7457972527797791553,SELL,,,,,2021-08-03 01:00:29.012969 UTC
1627942268920653727,7457972527797791553,SELL,229.41,1000,,,,,,,,,,,2021-08-03 01:00:29.012991 UTC
1627942268920653728,,,,,,,,,7457972527797791553,SELL,,,,,2021-08-03 01:00:29.01345 UTC
1627942268920653730,,,,,,,,,7457972527797791553,SELL,,,,,2021-08-03 01:00:29.014427 UTC
1627942268920653729,7457972527797791553,SELL,229.42,1000,,,,,,,,,,,2021-08-03 01:00:29.013467 UTC
1627942268920653731,7457972527797791553,SELL,229.41,1000,,,,,,,,,,,2021-08-03 01:00:29.014443 UTC
1627942268920653732,,,,,,,,,7457972527797791553,SELL,,,,,2021-08-03 01:00:29.024117 UTC
1627942268920653733,7457972527797791553,SELL,229.4,1000,,,,,,,,,,,2021-08-03 01:00:29.024148 UTC
1627942268920653735,7457972527797791553,SELL,229.41,1000,,,,,,,,,,,2021-08-03 01:00:29.025547 UTC
1627942268920653734,,,,,,,,,7457972527797791553,SELL,,,,,2021-08-03 01:00:29.025531 UTC
1627942268920653736,,,,,,,,,7457972527797791552,BUY,,,,,2021-08-03 01:00:29.084281 UTC
1627942268920653737,7457972527797791552,BUY,229.23,1000,,,,,,,,,,,2021-08-03 01:00:29.084302 UTC
1627942268920653738,,,,,,,,,7457972527797791553,SELL,,,,,2021-08-03 01:00:29.287229 UTC
1627942268920653739,7457972527797791553,SELL,229.4,1000,,,,,,,,,,,2021-08-03 01:00:29.287269 UTC
1627942268920653740,,,,,,,,,7457972527797791553,SELL,,,,,2021-08-03 01:00:29.288584 UTC
1627942268920653741,7457972527797791553,SELL,229.41,1000,,,,,,,,,,,2021-08-03 01:00:29.288628 UTC
1627942268920653742,,,,,,,,,7457972527797791553,SELL,,,,,2021-08-03 01:00:29.305225 UTC
1627942268920653743,7457972527797791553,SELL,229.42,1000,,,,,,,,,,,2021-08-03 01:00:29.305244 UTC
1627942268920653744,,,,,,,,,7457972527797791553,SELL,,,,,2021-08-03 01:00:29.374142 UTC
1627942268920653745,7457972527797791553,SELL,229.41,1000,,,,,,,,,,,2021-08-03 01:00:29.374181 UTC
1627942268920653746,,,,,,,,,7457972527797791553,SELL,,,,,2021-08-03 01:00:29.437377 UTC
1627942268920653747,7457972527797791553,SELL,229.43,1000,,,,,,,,,,,2021-08-03 01:00:29.437396 UTC
1627942268920653748,,,,,,,,,7457972527797791553,SELL,,,,,2021-08-03 01:00:29.437885 UTC
1627942268920653749,7457972527797791553,SELL,229.41,1000,,,,,,,,,,,2021-08-03 01:00:29.437914 UTC
1627942268920653750,,,,,,,,,7457972527797791553,SELL,,,,,2021-08-03 01:00:29.438698 UTC
1627942268920653751,7457972527797791553,SELL,229.4,1000,,,,,,,,,,,2021-08-03 01:00:29.438716 UTC
1627942268920653752,,,,,,,,,7457972527797791553,SELL,,,,,2021-08-03 01:00:29.439167 UTC
1627942268920653753,7457972527797791553,SELL,229.41,1000,,,,,,,,,,,2021-08-03 01:00:29.439185 UTC
1627942268920653755,7457972527797791553,SELL,229.4,1000,,,,,,,,,,,2021-08-03 01:00:29.439616 UTC
1627942268920653754,,,,,,,,,7457972527797791553,SELL,,,,,2021-08-03 01:00:29.439591 UTC
1627942268920653757,7457972527797791553,SELL,229.41,1000,,,,,,,,,,,2021-08-03 01:00:29.440058 UTC
1627942268920653756,,,,,,,,,7457972527797791553,SELL,,,,,2021-08-03 01:00:29.440029 UTC
1627942268920653758,,,,,,,,,7457972527797791553,SELL,,,,,2021-08-03 01:00:29.496516 UTC
1627942268920653759,7457972527797791553,SELL,229.42,1000,,,,,,,,,,,2021-08-03 01:00:29.496537 UTC
1627942268920653760,,,,,,,,,7457972527797791553,SELL,,,,,2021-08-03 01:00:29.49788 UTC
1627942268920653761,7457972527797791553,SELL,229.41,1000,,,,,,,,,,,2021-08-03 01:00:29.497897 UTC
1627942268920653762,,,,,,,,,7457972527797791553,SELL,,,,,2021-08-03 01:00:29.66352 UTC
1627942268920653763,7457972527797791553,SELL,229.42,1000,,,,,,,,,,,2021-08-03 01:00:29.66354 UTC
1627942268920653764,,,,,,,,,7457972527797791553,SELL,,,,,2021-08-03 01:00:29.802995 UTC
1627942268920653765,7457972527797791553,SELL,229.43,1000,,,,,,,,,,,2021-08-03 01:00:29.80303 UTC
1627942268920653766,,,,,,,,,7457972527797791552,BUY,,,,,2021-08-03 01:00:30.511088 UTC
1627942268920653767,7457972527797791552,BUY,229.24,1000,,,,,,,,,,,2021-08-03 01:00:30.511107 UTC
1627942268920653768,,,,,,,,,7457972527797791553,SELL,,,,,2021-08-03 01:00:30.512347 UTC
1627942268920653769,7457972527797791553,SELL,229.42,1000,,,,,,,,,,,2021-08-03 01:00:30.512366 UTC
1627942268920653770,,,,,,,,,7457972527797794380,SELL,,,,,2021-08-03 01:00:30.512481 UTC
1627942268920653772,,,,,,,,,7457972527797791553,SELL,,,,,2021-08-03 01:00:30.742559 UTC
1627942268920653771,7457972527797795123,SELL,229.4,300,,,,,,,,,,,2021-08-03 01:00:30.613087 UTC
1627942268920653774,,,,,,,,,7457972527797791553,SELL,,,,,2021-08-03 01:00:30.868872 UTC
1627942268920653773,7457972527797791553,SELL,229.43,1000,,,,,,,,,,,2021-08-03 01:00:30.742579 UTC
1627942268920653775,7457972527797791553,SELL,229.42,1000,,,,,,,,,,,2021-08-03 01:00:30.868899 UTC
1627942268920653776,,,,,,,,,7457972527797791553,SELL,,,,,2021-08-03 01:00:31.228307 UTC
1627942268920653777,7457972527797791553,SELL,229.43,1000,,,,,,,,,,,2021-08-03 01:00:31.228349 UTC
1627942268920653778,,,,,,,,,7457972527797791553,SELL,,,,,2021-08-03 01:00:31.321941 UTC
1627942268920653779,7457972527797791553,SELL,229.41,1000,,,,,,,,,,,2021-08-03 01:00:31.32196 UTC
1627942268920653781,7457972527797791553,SELL,229.42,1000,,,,,,,,,,,2021-08-03 01:00:31.323393 UTC
1627942268920653780,,,,,,,,,7457972527797791553,SELL,,,,,2021-08-03 01:00:31.323374 UTC
1627942268920653782,,,,,,,,,7457972527797791553,SELL,,,,,2021-08-03 01:00:31.383786 UTC
1627942268920653783,7457972527797791553,SELL,229.43,1000,,,,,,,,,,,2021-08-03 01:00:31.383805 UTC
1627942268920653785,7457972527797791553,SELL,229.41,1000,,,,,,,,,,,2021-08-03 01:00:31.510804 UTC
1627942268920653784,,,,,,,,,7457972527797791553,SELL,,,,,2021-08-03 01:00:31.510783 UTC
1627942268920653786,,,,,,,,,7457972527797791553,SELL,,,,,2021-08-03 01:00:31.512038 UTC
1627942268920653787,7457972527797791553,SELL,229.42,1000,,,,,,,,,,,2021-08-03 01:00:31.512058 UTC
1627942268920653788,,,,,,,,,7457972527797791553,SELL,,,,,2021-08-03 01:00:31.753796 UTC
1627942268920653789,7457972527797791553,SELL,229.41,1000,,,,,,,,,,,2021-08-03 01:00:31.753818 UTC
1627942268920653790,,,,,,,,,7457972527797791553,SELL,,,,,2021-08-03 01:00:31.907461 UTC
1627942268920653791,7457972527797791553,SELL,229.42,1000,,,,,,,,,,,2021-08-03 01:00:31.907481 UTC
1627942268920653792,,,,,,,,,7457972527797791553,SELL,,,,,2021-08-03 01:00:32.024871 UTC
1627942268920653793,7457972527797791553,SELL,229.43,1000,,,,,,,,,,,2021-08-03 01:00:32.024912 UTC
1627942268920653794,,,,,,,,,7457972527797791553,SELL,,,,,2021-08-03 01:00:32.025415 UTC
1627942268920653795,7457972527797791553,SELL,229.42,1000,,,,,,,,,,,2021-08-03 01:00:32.025434 UTC
1627942268920653796,,,,,,,,,7457972527797791553,SELL,,,,,2021-08-03 01:00:32.026067 UTC
1627942268920653797,7457972527797791553,SELL,229.41,1000,,,,,,,,,,,2021-08-03 01:00:32.026085 UTC
1627942268920653798,,,,,,,,,7457972527797791553,SELL,,,,,2021-08-03 01:00:32.026467 UTC
1627942268920653799,7457972527797791553,SELL,229.4,1000,,,,,,,,,,,2021-08-03 01:00:32.026485 UTC
1627942268920653800,,,,,,,,,7457972527797791553,SELL,,,,,2021-08-03 01:00:32.026885 UTC
1627942268920653802,,,,,,,,,7457972527797791553,SELL,,,,,2021-08-03 01:00:32.211127 UTC
1627942268920653801,7457972527797791553,SELL,229.42,1000,,,,,,,,,,,2021-08-03 01:00:32.026902 UTC
1627942268920653803,7457972527797791553,SELL,229.43,1000,,,,,,,,,,,2021-08-03 01:00:32.211146 UTC
1627942268920653804,,,,,,,,,7457972527797791553,SELL,,,,,2021-08-03 01:00:32.212046 UTC
1627942268920653805,7457972527797791553,SELL,229.42,1000,,,,,,,,,,,2021-08-03 01:00:32.212064 UTC
1627942268920653806,,,,,,,,,7457972527797791553,SELL,,,,,2021-08-03 01:00:32.252017 UTC
1627942268920653807,7457972527797791553,SELL,229.43,1000,,,,,,,,,,,2021-08-03 01:00:32.252051 UTC
1627942268920653808,,,,,,,,,7457972527797791553,SELL,,,,,2021-08-03 01:00:32.288111 UTC
1627942268920653809,7457972527797791553,SELL,229.42,1000,,,,,,,,,,,2021-08-03 01:00:32.288145 UTC
1627942268920653810,,,,,,,,,7457972527797791553,SELL,,,,,2021-08-03 01:00:32.429925 UTC
1627942268920653811,7457972527797791553,SELL,229.41,1000,,,,,,,,,,,2021-08-03 01:00:32.429944 UTC
1627942268920653812,,,,,,,,,7457972527797791553,SELL,,,,,2021-08-03 01:00:32.431084 UTC
1627942268920653813,7457972527797791553,SELL,229.42,1000,,,,,,,,,,,2021-08-03 01:00:32.431103 UTC
1627942268920653814,,,,,,,,,7457972527797791553,SELL,,,,,2021-08-03 01:00:32.862156 UTC
1627942268920653815,7457972527797791553,SELL,229.41,1000,,,,,,,,,,,2021-08-03 01:00:32.862183 UTC
1627942268920653816,,,,,,,,,7457972527797791553,SELL,,,,,2021-08-03 01:00:33.291817 UTC
1627942268920653817,7457972527797791553,SELL,229.43,1000,,,,,,,,,,,2021-08-03 01:00:33.291838 UTC
1627942268920653818,,,,,,,,,7457972527797791553,SELL,,,,,2021-08-03 01:00:33.292932 UTC
1627942268920653819,7457972527797791553,SELL,229.42,1000,,,,,,,,,,,2021-08-03 01:00:33.292953 UTC
1627942268920653820,,,,,,,,,7457972527797791553,SELL,,,,,2021-08-03 01:00:33.299284 UTC
1627942268920653821,7457972527797791553,SELL,229.41,1000,,,,,,,,,,,2021-08-03 01:00:33.299301 UTC
1627942268920653822,,,,,,,,,7457972527797791553,SELL,,,,,2021-08-03 01:00:33.519107 UTC
1627942268920653823,7457972527797791553,SELL,229.42,1000,,,,,,,,,,,2021-08-03 01:00:33.519125 UTC
1627942268920653824,,,,,,,,,7457972527797791553,SELL,,,,,2021-08-03 01:00:33.601975 UTC
1627942268920653825,7457972527797791553,SELL,229.43,1000,,,,,,,,,,,2021-08-03 01:00:33.601994 UTC
1627942268920653827,7457972527797791553,SELL,229.44,1000,,,,,,,,,,,2021-08-03 01:00:34.256522 UTC
1627942268920653826,,,,,,,,,7457972527797791553,SELL,,,,,2021-08-03 01:00:34.256521 UTC
1627942268920653828,,,,,,,,,7457972527797791552,BUY,,,,,2021-08-03 01:00:34.256657 UTC
1627942268920653829,7457972527797791552,BUY,229.26,1000,,,,,,,,,,,2021-08-03 01:00:34.256673 UTC
1627942268920653830,,,,,,,,,7457972527797791553,SELL,,,,,2021-08-03 01:00:34.257993 UTC
1627942268920653831,7457972527797791553,SELL,229.43,1000,,,,,,,,,,,2021-08-03 01:00:34.258009 UTC
1627942268920653832,,,,,,,,,7457972527797791552,BUY,,,,,2021-08-03 01:00:34.503605 UTC
1627942268920653833,7457972527797791552,BUY,229.25,1000,,,,,,,,,,,2021-08-03 01:00:34.503624 UTC
1627942268920653834,,,,,,,,,7457972527797791553,SELL,,,,,2021-08-03 01:00:34.503718 UTC
1627942268920653836,,,,,,,,,7457972527797793406,BUY,,,,,2021-08-03 01:00:34.503785 UTC
1627942268920653835,7457972527797791553,SELL,229.42,1000,,,,,,,,,,,2021-08-03 01:00:34.503752 UTC
1627942268920653837,,,,,,,,,7457972527797794698,BUY,,,,,2021-08-03 01:00:34.503809 UTC
1627942268920653838,,,,,,,,,7457972527797791553,SELL,,,,,2021-08-03 01:00:34.505156 UTC
1627942268920653839,7457972527797791553,SELL,229.43,1000,,,,,,,,,,,2021-08-03 01:00:34.505175 UTC
1627942268920653840,7457972527797795799,BUY,229.2,300,,,,,,,,,,,2021-08-03 01:00:34.60436 UTC
1627942268920653841,,,,,,,,,7457972527797791553,SELL,,,,,2021-08-03 01:00:34.711164 UTC
1627942268920653843,,,,,,,,,7457972527797791553,SELL,,,,,2021-08-03 01:00:34.712562 UTC
1627942268920653842,7457972527797791553,SELL,229.45,1000,,,,,,,,,,,2021-08-03 01:00:34.711182 UTC
1627942268920653844,7457972527797791553,SELL,229.44,1000,,,,,,,,,,,2021-08-03 01:00:34.712599 UTC
1627942268920653845,,,,,,,,,7457972527797791553,SELL,,,,,2021-08-03 01:00:34.843357 UTC
1627942268920653846,7457972527797791553,SELL,229.43,1000,,,,,,,,,,,2021-08-03 01:00:34.843374 UTC
1627942268920653847,,,,,,,,,7457972527797791553,SELL,,,,,2021-08-03 01:00:34.952534 UTC
1627942268920653849,,,,,,,,,7457972527797791553,SELL,,,,,2021-08-03 01:00:35.50023 UTC
1627942268920653848,7457972527797791553,SELL,229.44,1000,,,,,,,,,,,2021-08-03 01:00:34.952556 UTC
1627942268920653850,7457972527797791553,SELL,229.42,1000,,,,,,,,,,,2021-08-03 01:00:35.500269 UTC
1627942268920653851,,,,,,,,,7457972527797791553,SELL,,,,,2021-08-03 01:00:35.501397 UTC
1627942268920653852,7457972527797791553,SELL,229.43,1000,,,,,,,,,,,2021-08-03 01:00:35.501434 UTC
1627942268920653853,,,,,,,,,7457972527797791553,SELL,,,,,2021-08-03 01:00:35.600898 UTC
1627942268920653854,7457972527797791553,SELL,229.44,1000,,,,,,,,,,,2021-08-03 01:00:35.600918 UTC
1627942268920653855,,,,,,,,,7457972527797791553,SELL,,,,,2021-08-03 01:00:35.732419 UTC
1627942268920653856,7457972527797791553,SELL,229.43,1000,,,,,,,,,,,2021-08-03 01:00:35.732438 UTC
1627942268920653857,,,,,,,,,7457972527797795123,SELL,,,,,2021-08-03 01:00:35.732553 UTC
1627942268920653859,,,,,,,,,7457972527797791553,SELL,,,,,2021-08-03 01:00:37.34683 UTC
1627942268920653858,7457972527797796127,SELL,229.4,300,,,,,,,,,,,2021-08-03 01:00:35.833369 UTC
1627942268920653860,7457972527797791553,SELL,229.42,1000,,,,,,,,,,,2021-08-03 01:00:37.346849 UTC
1627942268920653862,7457972527797791553,SELL,229.44,1000,,,,,,,,,,,2021-08-03 01:00:37.46402 UTC
1627942268920653861,,,,,,,,,7457972527797791553,SELL,,,,,2021-08-03 01:00:37.464 UTC
1627942268920653863,,,,,,,,,7457972527797791553,SELL,,,,,2021-08-03 01:00:37.464416 UTC
1627942268920653864,7457972527797791553,SELL,229.42,1000,,,,,,,,,,,2021-08-03 01:00:37.464435 UTC
1627942268920653865,,,,,,,,,7457972527797791553,SELL,,,,,2021-08-03 01:00:37.513355 UTC
1627942268920653866,7457972527797791553,SELL,229.43,1000,,,,,,,,,,,2021-08-03 01:00:37.513376 UTC
1627942268920653867,,,,,,,,,7457972527797791553,SELL,,,,,2021-08-03 01:00:37.999215 UTC
1627942268920653868,7457972527797791553,SELL,229.42,1000,,,,,,,,,,,2021-08-03 01:00:37.999235 UTC
1627942268920653869,,,,,,,,,7457972527797791553,SELL,,,,,2021-08-03 01:00:38.130097 UTC
1627942268920653870,7457972527797791553,SELL,229.43,1000,,,,,,,,,,,2021-08-03 01:00:38.130117 UTC
1627942268920653871,,,,,,,,,7457972527797791553,SELL,,,,,2021-08-03 01:00:38.240296 UTC
1627942268920653872,7457972527797791553,SELL,229.42,1000,,,,,,,,,,,2021-08-03 01:00:38.240319 UTC
1627942268920653873,,,,,,,,,7457972527797791552,BUY,,,,,2021-08-03 01:00:39.010405 UTC
1627942268920653874,7457972527797791552,BUY,229.24,1000,,,,,,,,,,,2021-08-03 01:00:39.010431 UTC
1627942268920653875,,,,,,,,,7457972527797791553,SELL,,,,,2021-08-03 01:00:39.01075 UTC
1627942268920653876,7457972527797791553,SELL,229.41,1000,,,,,,,,,,,2021-08-03 01:00:39.010776 UTC
1627942268920653877,,,,,,,,,7457972527797791553,SELL,,,,,2021-08-03 01:00:39.012053 UTC
1627942268920653878,7457972527797791553,SELL,229.42,1000,,,,,,,,,,,2021-08-03 01:00:39.012068 UTC
1627942268920653879,,,,,,,,,7457972527797791552,BUY,,,,,2021-08-03 01:00:39.610745 UTC
1627942268920653880,7457972527797791552,BUY,229.25,1000,,,,,,,,,,,2021-08-03 01:00:39.610792 UTC
1627942268920653882,7457972527797791553,SELL,229.43,1000,,,,,,,,,,,2021-08-03 01:00:39.610819 UTC
1627942268920653881,,,,,,,,,7457972527797791553,SELL,,,,,2021-08-03 01:00:39.610793 UTC
1627942268920653883,,,,,,,,,7457972527797795799,BUY,,,,,2021-08-03 01:00:39.61088 UTC
1627942268920653885,7457972527797791553,SELL,229.42,1000,,,,,,,,,,,2021-08-03 01:00:39.612016 UTC
1627942268920653884,,,,,,,,,7457972527797791553,SELL,,,,,2021-08-03 01:00:39.611998 UTC
1627942268920653887,,,,,,,,,7457972527797791553,SELL,,,,,2021-08-03 01:00:40.128169 UTC
1627942268920653886,7457972527797796771,BUY,229.2,300,,,,,,,,,,,2021-08-03 01:00:39.711024 UTC
1627942268920653889,,,,,,,,,7457972527797791553,SELL,,,,,2021-08-03 01:00:40.12923 UTC
1627942268920653888,7457972527797791553,SELL,229.43,1000,,,,,,,,,,,2021-08-03 01:00:40.128186 UTC
1627942268920653890,7457972527797791553,SELL,229.44,1000,,,,,,,,,,,2021-08-03 01:00:40.129249 UTC
1627942268920653891,,,,,,,,,7457972527797791553,SELL,,,,,2021-08-03 01:00:40.129613 UTC
1627942268920653892,7457972527797791553,SELL,229.42,1000,,,,,,,,,,,2021-08-03 01:00:40.129631 UTC
1627942268920653893,,,,,,,,,7457972527797791553,SELL,,,,,2021-08-03 01:00:40.203927 UTC
1627942268920653894,7457972527797791553,SELL,229.43,1000,,,,,,,,,,,2021-08-03 01:00:40.203956 UTC
1627942268920653895,,,,,,,,,7457972527797791553,SELL,,,,,2021-08-03 01:00:40.429991 UTC
1627942268920653896,7457972527797791553,SELL,229.44,1000,,,,,,,,,,,2021-08-03 01:00:40.430032 UTC
1627942268920653897,,,,,,,,,7457972527797791552,BUY,,,,,2021-08-03 01:00:40.579922 UTC
1627942268920653898,7457972527797791552,BUY,229.26,1000,,,,,,,,,,,2021-08-03 01:00:40.579944 UTC
1627942268920653899,,,,,,,,,7457972527797791553,SELL,,,,,2021-08-03 01:00:41.001913 UTC
1627942268920653900,7457972527797791553,SELL,229.43,1000,,,,,,,,,,,2021-08-03 01:00:41.001932 UTC
1627942268920653901,,,,,,,,,7457972527797796127,SELL,,,,,2021-08-03 01:00:41.002084 UTC
1627942268920653902,,,,,,,,,7457972527797791553,SELL,,,,,2021-08-03 01:00:41.003096 UTC
1627942268920653903,7457972527797791553,SELL,229.44,1000,,,,,,,,,,,2021-08-03 01:00:41.003132 UTC
1627942268920653904,,,,,,,,,7457972527797791553,SELL,,,,,2021-08-03 01:00:41.010446 UTC
1627942268920653905,7457972527797791553,SELL,229.45,1000,,,,,,,,,,,2021-08-03 01:00:41.010474 UTC
1627942268920653906,7457972527797796973,SELL,229.4,300,,,,,,,,,,,2021-08-03 01:00:41.111377 UTC
1627942268920653907,,,,,,,,,7457972527797791553,SELL,,,,,2021-08-03 01:00:41.23355 UTC
1627942268920653908,7457972527797791553,SELL,229.44,1000,,,,,,,,,,,2021-08-03 01:00:41.233569 UTC
1627942268920653909,,,,,,,,,7457972527797791553,SELL,,,,,2021-08-03 01:00:41.648063 UTC
1627942268920653910,7457972527797791553,SELL,229.42,1000,,,,,,,,,,,2021-08-03 01:00:41.648083 UTC
1627942268920653911,,,,,,,,,7457972527797791553,SELL,,,,,2021-08-03 01:00:41.649288 UTC
1627942268920653912,7457972527797791553,SELL,229.43,1000,,,,,,,,,,,2021-08-03 01:00:41.649307 UTC
1627942268920653913,,,,,,,,,7457972527797791553,SELL,,,,,2021-08-03 01:00:42.01549 UTC
1627942268920653915,,,,,,,,,7457972527797791553,SELL,,,,,2021-08-03 01:00:42.016991 UTC
1627942268920653914,7457972527797791553,SELL,229.44,1000,,,,,,,,,,,2021-08-03 01:00:42.01551 UTC
1627942268920653916,7457972527797791553,SELL,229.43,1000,,,,,,,,,,,2021-08-03 01:00:42.017009 UTC
1627942268920653917,,,,,,,,,7457972527797791553,SELL,,,,,2021-08-03 01:00:42.138158 UTC
1627942268920653919,,,,,,,,,7457972527797791553,SELL,,,,,2021-08-03 01:00:42.139587 UTC
1627942268920653918,7457972527797791553,SELL,229.44,1000,,,,,,,,,,,2021-08-03 01:00:42.138177 UTC
1627942268920653920,7457972527797791553,SELL,229.43,1000,,,,,,,,,,,2021-08-03 01:00:42.139607 UTC
1627942268920653921,,,,,,,,,7457972527797791553,SELL,,,,,2021-08-03 01:00:42.3445 UTC
1627942268920653922,7457972527797791553,SELL,229.44,1000,,,,,,,,,,,2021-08-03 01:00:42.34452 UTC
1627942268920653923,,,,,,,,,7457972527797791553,SELL,,,,,2021-08-03 01:00:42.523872 UTC
1627942268920653925,,,,,,,,,7457972527797791552,BUY,,,,,2021-08-03 01:00:44.451681 UTC
1627942268920653924,7457972527797791553,SELL,229.45,1000,,,,,,,,,,,2021-08-03 01:00:42.523889 UTC
1627942268920653926,7457972527797791552,BUY,229.27,1000,,,,,,,,,,,2021-08-03 01:00:44.451702 UTC
1627942268920653927,,,,,,,,,7457972527797791553,SELL,,,,,2021-08-03 01:00:45.016256 UTC
1627942268920653928,7457972527797791553,SELL,229.46,1000,,,,,,,,,,,2021-08-03 01:00:45.016275 UTC
1627942268920653929,,,,,,,,,7457972527797791553,SELL,,,,,2021-08-03 01:00:45.04859 UTC
1627942268920653930,7457972527797791553,SELL,229.45,1000,,,,,,,,,,,2021-08-03 01:00:45.048618 UTC
1627942268920653931,,,,,,,,,7457972527797791553,SELL,,,,,2021-08-03 01:00:45.210765 UTC
1627942268920653932,7457972527797791553,SELL,229.46,1000,,,,,,,,,,,2021-08-03 01:00:45.210804 UTC
1627942268920653933,,,,,,,,,7457972527797791553,SELL,,,,,2021-08-03 01:00:45.211606 UTC
1627942268920653934,7457972527797791553,SELL,229.47,1000,,,,,,,,,,,2021-08-03 01:00:45.211635 UTC
1627942268920653935,,,,,,,,,7457972527797791552,BUY,,,,,2021-08-03 01:00:49.001025 UTC
1627942268920653936,7457972527797791552,BUY,229.26,1000,,,,,,,,,,,2021-08-03 01:00:49.001042 UTC
1627942268920653937,,,,,,,,,7457972527797796771,BUY,,,,,2021-08-03 01:00:49.001187 UTC
1627942268920653938,7457972527797797869,BUY,229.2,300,,,,,,,,,,,2021-08-03 01:00:49.102157 UTC
1627942268920653939,,,,,,,,,7457972527797791552,BUY,,,,,2021-08-03 01:00:49.209888 UTC
1627942268920653940,7457972527797791552,BUY,229.27,1000,,,,,,,,,,,2021-08-03 01:00:49.209908 UTC
1627942268920653941,,,,,,,,,7457972527797791552,BUY,,,,,2021-08-03 01:00:49.514643 UTC
1627942268920653943,,,,,,,,,7457972527797791552,BUY,,,,,2021-08-03 01:00:50.521969 UTC
1627942268920653942,7457972527797791552,BUY,229.26,1000,,,,,,,,,,,2021-08-03 01:00:49.514664 UTC
1627942268920653944,7457972527797791552,BUY,229.25,1000,,,,,,,,,,,2021-08-03 01:00:50.521991 UTC
1627942268920653945,,,,,,,,,7457972527797791552,BUY,,,,,2021-08-03 01:00:50.942887 UTC
1627942268920653946,7457972527797791552,BUY,229.24,1000,,,,,,,,,,,2021-08-03 01:00:50.942925 UTC
1627942268920653947,,,,,,,,,7457972527797791553,SELL,,,,,2021-08-03 01:00:50.99737 UTC
1627942268920653949,,,,,,,,,7457972527797796973,SELL,,,,,2021-08-03 01:00:50.997516 UTC
1627942268920653948,7457972527797791553,SELL,229.4,1000,,,,,,,,,,,2021-08-03 01:00:50.99739 UTC
1627942268920653950,,,,,,,,,7457972527797791553,SELL,,,,,2021-08-03 01:00:50.998768 UTC
1627942268920653951,7457972527797791553,SELL,229.41,1000,,,,,,,,,,,2021-08-03 01:00:50.998787 UTC
1627942268920653952,,,,,,,,,7457972527797791553,SELL,,,,,2021-08-03 01:00:50.999274 UTC
1627942268920653954,7457972527797798076,SELL,229.4,300,,,,,,,,,,,2021-08-03 01:00:51.099835 UTC
1627942268920653953,7457972527797791553,SELL,229.42,1000,,,,,,,,,,,2021-08-03 01:00:50.999292 UTC
1627942268920653955,,,,,,,,,7457972527797791553,SELL,,,,,2021-08-03 01:00:51.224007 UTC
1627942268920653957,,,,,,,,,7457972527797791553,SELL,,,,,2021-08-03 01:00:51.338135 UTC
1627942268920653956,7457972527797791553,SELL,229.41,1000,,,,,,,,,,,2021-08-03 01:00:51.224028 UTC
1627942268920653958,7457972527797791553,SELL,229.42,1000,,,,,,,,,,,2021-08-03 01:00:51.338154 UTC
1627942268920653959,,,,,,,,,7457972527797791553,SELL,,,,,2021-08-03 01:00:51.48182 UTC
1627942268920653960,7457972527797791553,SELL,229.41,1000,,,,,,,,,,,2021-08-03 01:00:51.481843 UTC
1627942268920653961,,,,,,,,,7457972527797791553,SELL,,,,,2021-08-03 01:00:52.454205 UTC
1627942268920653962,7457972527797791553,SELL,229.42,1000,,,,,,,,,,,2021-08-03 01:00:52.454226 UTC
1627942268920653963,,,,,,,,,7457972527797791553,SELL,,,,,2021-08-03 01:00:53.333982 UTC
1627942268920653964,7457972527797791553,SELL,229.41,1000,,,,,,,,,,,2021-08-03 01:00:53.334022 UTC
1627942268920653966,7457972527797791553,SELL,229.42,1000,,,,,,,,,,,2021-08-03 01:00:53.678791 UTC
1627942268920653965,,,,,,,,,7457972527797791553,SELL,,,,,2021-08-03 01:00:53.678763 UTC
1627942268920653967,,,,,,,,,7457972527797791552,BUY,,,,,2021-08-03 01:00:54.025466 UTC
1627942268920653969,,,,,,,,,7457972527797791553,SELL,,,,,2021-08-03 01:00:54.025535 UTC
1627942268920653968,7457972527797791552,BUY,229.25,1000,,,,,,,,,,,2021-08-03 01:00:54.025506 UTC
1627942268920653970,7457972527797791553,SELL,229.43,1000,,,,,,,,,,,2021-08-03 01:00:54.025577 UTC
1627942268920653971,,,,,,,,,7457972527797791553,SELL,,,,,2021-08-03 01:00:54.026823 UTC
1627942268920653973,,,,,,,,,7457972527797791552,BUY,,,,,2021-08-03 01:00:54.137148 UTC
1627942268920653972,7457972527797791553,SELL,229.42,1000,,,,,,,,,,,2021-08-03 01:00:54.026843 UTC
1627942268920653974,7457972527797791552,BUY,229.24,1000,,,,,,,,,,,2021-08-03 01:00:54.137166 UTC
1627942268920653975,,,,,,,,,7457972527797797869,BUY,,,,,2021-08-03 01:00:54.137291 UTC
1627942268920653976,7457972527797798331,BUY,229.2,300,,,,,,,,,,,2021-08-03 01:00:54.237662 UTC
1627942268920653977,,,,,,,,,7457972527797791553,SELL,,,,,2021-08-03 01:00:54.484159 UTC
1627942268920653978,7457972527797791553,SELL,229.43,1000,,,,,,,,,,,2021-08-03 01:00:54.484184 UTC
1627942268920653980,7457972527797791553,SELL,229.44,1000,,,,,,,,,,,2021-08-03 01:00:55.187582 UTC
1627942268920653979,,,,,,,,,7457972527797791553,SELL,,,,,2021-08-03 01:00:55.187563 UTC
1627942268920653981,,,,,,,,,7457972527797791552,BUY,,,,,2021-08-03 01:00:55.187796 UTC
1627942268920653982,7457972527797791552,BUY,229.26,1000,,,,,,,,,,,2021-08-03 01:00:55.187815 UTC
1627942268920653984,7457972527797791553,SELL,229.43,1000,,,,,,,,,,,2021-08-03 01:00:55.188569 UTC
1627942268920653983,,,,,,,,,7457972527797791553,SELL,,,,,2021-08-03 01:00:55.188526 UTC
1627942268920653985,,,,,,,,,7457972527797791552,BUY,,,,,2021-08-03 01:00:55.18866 UTC
1627942268920653986,7457972527797791552,BUY,229.25,1000,,,,,,,,,,,2021-08-03 01:00:55.188679 UTC
1627942268920653987,,,,,,,,,7457972527797791552,BUY,,,,,2021-08-03 01:00:55.189112 UTC
1627942268920653988,7457972527797791552,BUY,229.26,1000,,,,,,,,,,,2021-08-03 01:00:55.189154 UTC
1627942268920653989,,,,,,,,,7457972527797791553,SELL,,,,,2021-08-03 01:00:55.423463 UTC
1627942268920653990,7457972527797791553,SELL,229.44,1000,,,,,,,,,,,2021-08-03 01:00:55.423483 UTC
1627942268920653991,,,,,,,,,7457972527797791553,SELL,,,,,2021-08-03 01:00:55.437552 UTC
1627942268920653992,7457972527797791553,SELL,229.43,1000,,,,,,,,,,,2021-08-03 01:00:55.437583 UTC
1627942268920653993,,,,,,,,,7457972527797791553,SELL,,,,,2021-08-03 01:00:55.804145 UTC
1627942268920653994,7457972527797791553,SELL,229.44,1000,,,,,,,,,,,2021-08-03 01:00:55.804165 UTC
1627942268920653995,,,,,,,,,7457972527797791553,SELL,,,,,2021-08-03 01:00:56.611372 UTC
1627942268920653997,,,,,,,,,7457972527797798076,SELL,,,,,2021-08-03 01:00:56.611825 UTC
1627942268920653996,7457972527797791553,SELL,229.43,1000,,,,,,,,,,,2021-08-03 01:00:56.611416 UTC
1627942268920653998,7457972527797798617,SELL,229.4,300,,,,,,,,,,,2021-08-03 01:00:56.712505 UTC
1627942268920653999,,,,,,,,,7457972527797791553,SELL,,,,,2021-08-03 01:00:56.742677 UTC
1627942268920654000,7457972527797791553,SELL,229.44,1000,,,,,,,,,,,2021-08-03 01:00:56.742694 UTC
1627942268920654001,,,,,,,,,7457972527797791553,SELL,,,,,2021-08-03 01:00:57.70437 UTC
1627942268920654003,,,,,,,,,7457972527797791553,SELL,,,,,2021-08-03 01:00:58.046629 UTC
1627942268920654002,7457972527797791553,SELL,229.43,1000,,,,,,,,,,,2021-08-03 01:00:57.704388 UTC
1627942268920654004,7457972527797791553,SELL,229.42,1000,,,,,,,,,,,2021-08-03 01:00:58.046654 UTC
1627942268920654005,,,,,,,,,7457972527797791553,SELL,,,,,2021-08-03 01:00:58.04755 UTC
1627942268920654006,7457972527797791553,SELL,229.43,1000,,,,,,,,,,,2021-08-03 01:00:58.047565 UTC
1627942268920654007,,,,,,,,,7457972527797791553,SELL,,,,,2021-08-03 01:00:58.213101 UTC
1627942268920654008,7457972527797791553,SELL,229.44,1000,,,,,,,,,,,2021-08-03 01:00:58.213118 UTC
1627942268920654009,,,,,,,,,7457972527797791553,SELL,,,,,2021-08-03 01:00:58.278881 UTC
1627942268920654010,7457972527797791553,SELL,229.43,1000,,,,,,,,,,,2021-08-03 01:00:58.278902 UTC
1627942268920654011,,,,,,,,,7457972527797791552,BUY,,,,,2021-08-03 01:00:58.51056 UTC
1627942268920654012,7457972527797791552,BUY,229.25,1000,,,,,,,,,,,2021-08-03 01:00:58.510577 UTC
1627942268920654013,,,,,,,,,7457972527797791553,SELL,,,,,2021-08-03 01:00:58.673935 UTC
1627942268920654015,,,,,,,,,7457972527797791553,SELL,,,,,2021-08-03 01:00:59.298908 UTC
1627942268920654014,7457972527797791553,SELL,229.44,1000,,,,,,,,,,,2021-08-03 01:00:58.673956 UTC
1627942268920654016,7457972527797791553,SELL,229.43,1000,,,,,,,,,,,2021-08-03 01:00:59.298926 UTC
1627942268920654017,,,,,,,,,7457972527797791553,SELL,,,,,2021-08-03 01:00:59.590093 UTC
1627942268920654019,,,,,,,,,7457972527797791553,SELL,,,,,2021-08-03 01:01:00.284217 UTC
1627942268920654018,7457972527797791553,SELL,229.44,1000,,,,,,,,,,,2021-08-03 01:00:59.590112 UTC
1627942268920654020,7457972527797791553,SELL,229.42,1000,,,,,,,,,,,2021-08-03 01:01:00.284255 UTC
1627942268920654021,,,,,,,,,7457972527797791553,SELL,,,,,2021-08-03 01:01:00.284808 UTC
1627942268920654022,7457972527797791553,SELL,229.44,1000,,,,,,,,,,,2021-08-03 01:01:00.284827 UTC
1627942268920654023,,,,,,,,,7457972527797791552,BUY,,,,,2021-08-03 01:01:00.285358 UTC
1627942268920654024,7457972527797791552,BUY,229.26,1000,,,,,,,,,,,2021-08-03 01:01:00.285376 UTC
1627942268920654026,7457972527797791553,SELL,229.45,1000,,,,,,,,,,,2021-08-03 01:01:00.285589 UTC
1627942268920654025,,,,,,,,,7457972527797791553,SELL,,,,,2021-08-03 01:01:00.285573 UTC
1627942268920654027,,,,,,,,,7457972527797791553,SELL,,,,,2021-08-03 01:01:00.286009 UTC
1627942268920654028,7457972527797791553,SELL,229.44,1000,,,,,,,,,,,2021-08-03 01:01:00.286028 UTC
1627942268920654029,,,,,,,,,7457972527797791553,SELL,,,,,2021-08-03 01:01:00.596617 UTC
1627942268920654030,7457972527797791553,SELL,229.43,1000,,,,,,,,,,,2021-08-03 01:01:00.596641 UTC
1627942268920654031,,,,,,,,,7457972527797791552,BUY,,,,,2021-08-03 01:01:00.995092 UTC
1627942268920654033,,,,,,,,,7457972527797798331,BUY,,,,,2021-08-03 01:01:00.995215 UTC
1627942268920654032,7457972527797791552,BUY,229.25,1000,,,,,,,,,,,2021-08-03 01:01:00.995116 UTC
1627942268920654034,,,,,,,,,7457972527797791553,SELL,,,,,2021-08-03 01:01:00.995909 UTC
1627942268920654035,7457972527797791553,SELL,229.42,1000,,,,,,,,,,,2021-08-03 01:01:00.995926 UTC
1627942268920654036,,,,,,,,,7457972527797791553,SELL,,,,,2021-08-03 01:01:00.997335 UTC
1627942268920654037,7457972527797791553,SELL,229.43,1000,,,,,,,,,,,2021-08-03 01:01:00.997352 UTC
1627942268920654038,,,,,,,,,7457972527797791553,SELL,,,,,2021-08-03 01:01:00.999403 UTC
1627942268920654039,7457972527797791553,SELL,229.42,1000,,,,,,,,,,,2021-08-03 01:01:00.999422 UTC
1627942268920654040,,,,,,,,,7457972527797791553,SELL,,,,,2021-08-03 01:01:00.99989 UTC
1627942268920654041,7457972527797791553,SELL,229.43,1000,,,,,,,,,,,2021-08-03 01:01:00.999906 UTC
1627942268920654043,7457972527797791553,SELL,229.42,1000,,,,,,,,,,,2021-08-03 01:01:01.00031 UTC
1627942268920654042,,,,,,,,,7457972527797791553,SELL,,,,,2021-08-03 01:01:01.000294 UTC
1627942268920654044,,,,,,,,,7457972527797791553,SELL,,,,,2021-08-03 01:01:01.000683 UTC
1627942268920654045,7457972527797791553,SELL,229.43,1000,,,,,,,,,,,2021-08-03 01:01:01.000725 UTC
1627942268920654046,7457972527797799224,BUY,229.2,300,,,,,,,,,,,2021-08-03 01:01:01.095795 UTC
1627942268920654047,,,,,,,,,7457972527797791553,SELL,,,,,2021-08-03 01:01:01.325283 UTC
1627942268920654048,7457972527797791553,SELL,229.42,1000,,,,,,,,,,,2021-08-03 01:01:01.325303 UTC
1627942268920654050,7457972527797791552,BUY,229.24,1000,,,,,,,,,,,2021-08-03 01:01:01.326678 UTC
1627942268920654049,,,,,,,,,7457972527797791552,BUY,,,,,2021-08-03 01:01:01.326656 UTC
1627942268920654051,,,,,,,,,7457972527797791553,SELL,,,,,2021-08-03 01:01:01.497011 UTC
1627942268920654052,7457972527797791553,SELL,229.41,1000,,,,,,,,,,,2021-08-03 01:01:01.497032 UTC
1627942268920654053,,,,,,,,,7457972527797791553,SELL,,,,,2021-08-03 01:01:01.726726 UTC
1627942268920654054,7457972527797791553,SELL,229.4,1000,,,,,,,,,,,2021-08-03 01:01:01.726741 UTC
1627942268920654055,,,,,,,,,7457972527797798617,SELL,,,,,2021-08-03 01:01:01.726845 UTC
1627942268920654056,7457972527797799383,SELL,229.4,300,,,,,,,,,,,2021-08-03 01:01:01.827769 UTC
1627942268920654057,,,,,,,,,7457972527797791552,BUY,,,,,2021-08-03 01:01:02.01787 UTC
1627942268920654058,7457972527797791552,BUY,229.22,1000,,,,,,,,,,,2021-08-03 01:01:02.017889 UTC
1627942268920654059,,,,,,,,,7457972527797791553,SELL,,,,,2021-08-03 01:01:02.018941 UTC
1627942268920654060,7457972527797791553,SELL,229.41,1000,,,,,,,,,,,2021-08-03 01:01:02.01896 UTC
1627942268920654061,,,,,,,,,7457972527797791553,SELL,,,,,2021-08-03 01:01:02.222736 UTC
1627942268920654062,7457972527797791553,SELL,229.4,1000,,,,,,,,,,,2021-08-03 01:01:02.222754 UTC
1627942268920654063,,,,,7457972527797799224,BUY,229.2,45,,,,,,,2021-08-03 01:01:02.60157 UTC
1627942268920654064,,,,,,,,,7457972527797791552,BUY,,,,,2021-08-03 01:01:02.849556 UTC
1627942268920654066,,,,,,,,,7457972527797791553,SELL,,,,,2021-08-03 01:01:02.849908 UTC
1627942268920654065,7457972527797791552,BUY,229.21,1000,,,,,,,,,,,2021-08-03 01:01:02.849576 UTC
1627942268920654067,7457972527797791553,SELL,229.39,1000,,,,,,,,,,,2021-08-03 01:01:02.849945 UTC
1627942268920654069,,,,,,,,,7457972527797791553,SELL,,,,,2021-08-03 01:01:02.992782 UTC
1627942268920654068,,,,,,,,,7457972527797799224,BUY,,,,,2021-08-03 01:01:02.913612 UTC
1627942268920654070,7457972527797791553,SELL,229.4,1000,,,,,,,,,,,2021-08-03 01:01:02.992803 UTC
1627942268920654071,,,,,,,,,7457972527797791552,BUY,,,,,2021-08-03 01:01:02.993038 UTC
1627942268920654072,7457972527797791552,BUY,229.22,1000,,,,,,,,,,,2021-08-03 01:01:02.993058 UTC
1627942268920654073,,,,,,,,,7457972527797791552,BUY,,,,,2021-08-03 01:01:02.994475 UTC
1627942268920654074,7457972527797791552,BUY,229.21,1000,,,,,,,,,,,2021-08-03 01:01:02.994494 UTC
1627942268920654075,,,,,,,,,7457972527797791552,BUY,,,,,2021-08-03 01:01:02.994852 UTC
1627942268920654076,7457972527797791552,BUY,229.22,1000,,,,,,,,,,,2021-08-03 01:01:02.994872 UTC
1627942268920654077,,,,,,,,,7457972527797791552,BUY,,,,,2021-08-03 01:01:03.092668 UTC
1627942268920654078,7457972527797791552,BUY,229.21,1000,,,,,,,,,,,2021-08-03 01:01:03.092686 UTC
1627942268920654079,,,,,,,,,7457972527797791553,SELL,,,,,2021-08-03 01:01:03.106027 UTC
1627942268920654080,7457972527797791553,SELL,229.39,1000,,,,,,,,,,,2021-08-03 01:01:03.106047 UTC
1627942268920654081,,,,,,,,,7457972527797791552,BUY,,,,,2021-08-03 01:01:03.13839 UTC
1627942268920654082,7457972527797791552,BUY,229.2,1000,,,,,,,,,,,2021-08-03 01:01:03.138438 UTC
1627942268920654083,,,,,,,,,7457972527797791553,SELL,,,,,2021-08-03 01:01:03.138832 UTC
1627942268920654084,7457972527797791553,SELL,229.38,1000,,,,,,,,,,,2021-08-03 01:01:03.138851 UTC
1627942268920654085,,,,,,,,,7457972527797791552,BUY,,,,,2021-08-03 01:01:03.233881 UTC
1627942268920654086,7457972527797791552,BUY,229.19,1000,,,,,,,,,,,2021-08-03 01:01:03.2339 UTC
1627942268920654087,7457972527797799712,BUY,229.2,45,,,,,,,,,,,2021-08-03 01:01:03.335112 UTC
1627942268920654088,,,,,,,,,7457972527797791552,BUY,,,,,2021-08-03 01:01:03.335539 UTC
1627942268920654089,7457972527797791552,BUY,229.2,1000,,,,,,,,,,,2021-08-03 01:01:03.335559 UTC
1627942268920654090,,,,,,,,,7457972527797799712,BUY,,,,,2021-08-03 01:01:05.514291 UTC
1627942268920654091,7457972527797800184,BUY,229,300,,,,,,,,,,,2021-08-03 01:01:05.615202 UTC
1627942268920654092,7457972527797800241,BUY,229.2,45,,,,,,,,,,,2021-08-03 01:01:05.811633 UTC
1627942268920654093,,,,,,,,,7457972527797791552,BUY,,,,,2021-08-03 01:01:06.209096 UTC
1627942268920654094,7457972527797791552,BUY,229.19,1000,,,,,,,,,,,2021-08-03 01:01:06.209109 UTC
1627942268920654095,,,,,,,,,7457972527797800241,BUY,,,,,2021-08-03 01:01:06.20997 UTC
1627942268920654096,7457972527797800379,BUY,229.2,45,,,,,,,,,,,2021-08-03 01:01:06.598597 UTC
1627942268920654097,,,,,,,,,7457972527797791552,BUY,,,,,2021-08-03 01:01:06.599082 UTC
1627942268920654098,7457972527797791552,BUY,229.2,1000,,,,,,,,,,,2021-08-03 01:01:06.59911 UTC
1627942268920654099,,,,,,,,,7457972527797791552,BUY,,,,,2021-08-03 01:01:06.605245 UTC
1627942268920654100,7457972527797791552,BUY,229.18,1000,,,,,,,,,,,2021-08-03 01:01:06.60529 UTC
1627942268920654101,,,,,,,,,7457972527797800379,BUY,,,,,2021-08-03 01:01:06.606029 UTC
1627942268920654102,,,,,,,,,7457972527797791552,BUY,,,,,2021-08-03 01:01:07.008733 UTC
1627942268920654103,7457972527797791552,BUY,229.19,1000,,,,,,,,,,,2021-08-03 01:01:07.008751 UTC
1627942268920654104,,,,,,,,,7457972527797791553,SELL,,,,,2021-08-03 01:01:07.199707 UTC
1627942268920654106,,,,,,,,,7457972527797799383,SELL,,,,,2021-08-03 01:01:07.199845 UTC
1627942268920654105,7457972527797791553,SELL,229.37,1000,,,,,,,,,,,2021-08-03 01:01:07.199728 UTC
1627942268920654107,7457972527797800480,SELL,229.4,300,,,,,,,,,,,2021-08-03 01:01:07.300897 UTC
1627942268920654108,7457972527797800736,BUY,229.2,45,,,,,,,,,,,2021-08-03 01:01:09.616842 UTC
1627942268920654109,,,,,,,,,7457972527797791552,BUY,,,,,2021-08-03 01:01:09.617282 UTC
1627942268920654111,,,,,,,,,7457972527797791552,BUY,,,,,2021-08-03 01:01:09.659344 UTC
1627942268920654110,7457972527797791552,BUY,229.2,1000,,,,,,,,,,,2021-08-03 01:01:09.617301 UTC
1627942268920654112,7457972527797791552,BUY,229.19,1000,,,,,,,,,,,2021-08-03 01:01:09.659363 UTC
1627942268920654113,,,,,,,,,7457972527797791552,BUY,,,,,2021-08-03 01:01:09.794654 UTC
1627942268920654114,7457972527797791552,BUY,229.2,1000,,,,,,,,,,,2021-08-03 01:01:09.794675 UTC
1627942268920654115,,,,,,,,,7457972527797800736,BUY,,,,,2021-08-03 01:01:09.994343 UTC
1627942268920654116,,,,,,,,,7457972527797791552,BUY,,,,,2021-08-03 01:01:09.995472 UTC
1627942268920654117,7457972527797791552,BUY,229.13,1000,,,,,,,,,,,2021-08-03 01:01:09.995473 UTC
1627942268920654119,7457972527797791553,SELL,229.38,1000,,,,,,,,,,,2021-08-03 01:01:09.999461 UTC
1627942268920654118,,,,,,,,,7457972527797791553,SELL,,,,,2021-08-03 01:01:09.999443 UTC
1627942268920654120,,,,,,,,,7457972527797791552,BUY,,,,,2021-08-03 01:01:10.23608 UTC
1627942268920654121,7457972527797791552,BUY,229.12,1000,,,,,,,,,,,2021-08-03 01:01:10.236099 UTC
1627942268920654122,,,,,,,,,7457972527797791552,BUY,,,,,2021-08-03 01:01:10.236507 UTC
1627942268920654123,7457972527797791552,BUY,229.13,1000,,,,,,,,,,,2021-08-03 01:01:10.236544 UTC
1627942268920654124,,,,,,,,,7457972527797791552,BUY,,,,,2021-08-03 01:01:10.515055 UTC
1627942268920654125,7457972527797791552,BUY,229.18,1000,,,,,,,,,,,2021-08-03 01:01:10.515075 UTC
1627942268920654126,7457972527797800910,BUY,229.2,45,,,,,,,,,,,2021-08-03 01:01:10.616568 UTC
1627942268920654127,,,,,,,,,7457972527797791552,BUY,,,,,2021-08-03 01:01:10.617018 UTC
1627942268920654128,7457972527797791552,BUY,229.2,1000,,,,,,,,,,,2021-08-03 01:01:10.617037 UTC
1627942268920654129,,,,,,,,,7457972527797791552,BUY,,,,,2021-08-03 01:01:10.699322 UTC
1627942268920654130,7457972527797791552,BUY,229.19,1000,,,,,,,,,,,2021-08-03 01:01:10.699341 UTC
1627942268920654131,,,,,,,,,7457972527797791552,BUY,,,,,2021-08-03 01:01:10.813558 UTC
1627942268920654133,,,,,,,,,7457972527797791553,SELL,,,,,2021-08-03 01:01:14.337933 UTC
1627942268920654132,7457972527797791552,BUY,229.2,1000,,,,,,,,,,,2021-08-03 01:01:10.813579 UTC
1627942268920654134,7457972527797791553,SELL,229.39,1000,,,,,,,,,,,2021-08-03 01:01:14.337953 UTC
1627942268920654135,,,,,,,,,7457972527797800480,SELL,,,,,2021-08-03 01:01:14.338063 UTC
1627942268920654136,7457972527797801283,SELL,231.5,240,,,,,,,,,,,2021-08-03 01:01:14.37658 UTC
1627942268920654137,7457972527797801286,SELL,229.4,300,,,,,,,,,,,2021-08-03 01:01:14.438303 UTC
1627942268920654138,7457972527797801452,BUY,229.2,255,,,,,,,,,,,2021-08-03 01:01:15.61131 UTC
1627942268920654139,,,,,,,,,7457972527797791552,BUY,,,,,2021-08-03 01:01:16.33794 UTC
1627942268920654140,7457972527797791552,BUY,229.21,1000,,,,,,,,,,,2021-08-03 01:01:16.337957 UTC
1627942268920654141,,,,,,,,,7457972527797801452,BUY,,,,,2021-08-03 01:01:16.512974 UTC
1627942268920654142,,,,,,,,,7457972527797791553,SELL,,,,,2021-08-03 01:01:16.513684 UTC
1627942268920654143,7457972527797791553,SELL,229.4,1000,,,,,,,,,,,2021-08-03 01:01:16.513731 UTC
1627942268920654144,7457972527797801598,BUY,229.2,255,,,,,,,,,,,2021-08-03 01:01:16.767059 UTC
1627942268920654145,,,,,,,,,7457972527797791552,BUY,,,,,2021-08-03 01:01:17.364528 UTC
1627942268920654146,7457972527797791552,BUY,229.22,1000,,,,,,,,,,,2021-08-03 01:01:17.364549 UTC
1627942268920654147,,,,,,,,,7457972527797791552,BUY,,,,,2021-08-03 01:01:17.502311 UTC
1627942268920654148,7457972527797791552,BUY,229.21,1000,,,,,,,,,,,2021-08-03 01:01:17.50233 UTC
1627942268920654149,,,,,,,,,7457972527797791553,SELL,,,,,2021-08-03 01:01:17.502369 UTC
1627942268920654150,7457972527797791553,SELL,229.39,1000,,,,,,,,,,,2021-08-03 01:01:17.502386 UTC
1627942268920654151,7457972527797801701,BUY,227.1,240,,,,,,,,,,,2021-08-03 01:01:17.709927 UTC
1627942268920654152,,,,,,,,,7457972527797791553,SELL,,,,,2021-08-03 01:01:20.508841 UTC
1627942268920654154,,,,,,,,,7457972527797791552,BUY,,,,,2021-08-03 01:01:20.508891 UTC
1627942268920654153,7457972527797791553,SELL,229.41,1000,,,,,,,,,,,2021-08-03 01:01:20.508857 UTC
1627942268920654155,7457972527797791552,BUY,229.22,1000,,,,,,,,,,,2021-08-03 01:01:20.508907 UTC
1627942268920654156,,,,,,,,,7457972527797801286,SELL,,,,,2021-08-03 01:01:20.508979 UTC
1627942268920654157,7457972527797802036,SELL,229.4,300,,,,,,,,,,,2021-08-03 01:01:20.609426 UTC
1627942268920654158,,,,,,,,,7457972527797791553,SELL,,,,,2021-08-03 01:01:20.609863 UTC
1627942268920654159,7457972527797791553,SELL,229.4,1000,,,,,,,,,,,2021-08-03 01:01:20.6099 UTC
1627942268920654160,,,,,,,,,7457972527797791552,BUY,,,,,2021-08-03 01:01:20.975787 UTC
1627942268920654161,7457972527797791552,BUY,229.23,1000,,,,,,,,,,,2021-08-03 01:01:20.975807 UTC
1627942268920654162,,,,,,,,,7457972527797791553,SELL,,,,,2021-08-03 01:01:20.975848 UTC
1627942268920654163,7457972527797791553,SELL,229.41,1000,,,,,,,,,,,2021-08-03 01:01:20.975878 UTC
1627942268920654165,7457972527797791553,SELL,229.4,1000,,,,,,,,,,,2021-08-03 01:01:20.977091 UTC
1627942268920654164,,,,,,,,,7457972527797791553,SELL,,,,,2021-08-03 01:01:20.977075 UTC
1627942268920654166,,,,,,,,,7457972527797791552,BUY,,,,,2021-08-03 01:01:20.999715 UTC
1627942268920654167,7457972527797791552,BUY,229.22,1000,,,,,,,,,,,2021-08-03 01:01:20.999735 UTC
1627942268920654168,,,,,,,,,7457972527797791553,SELL,,,,,2021-08-03 01:01:22.522507 UTC
1627942268920654170,,,,,,,,,7457972527797791553,SELL,,,,,2021-08-03 01:01:22.540649 UTC
1627942268920654169,7457972527797791553,SELL,229.41,1000,,,,,,,,,,,2021-08-03 01:01:22.522527 UTC
1627942268920654171,7457972527797791553,SELL,229.4,1000,,,,,,,,,,,2021-08-03 01:01:22.540681 UTC
1627942268920654172,,,,,,,,,7457972527797791553,SELL,,,,,2021-08-03 01:01:22.6724 UTC
1627942268920654173,7457972527797791553,SELL,229.41,1000,,,,,,,,,,,2021-08-03 01:01:22.672428 UTC
1627942268920654174,,,,,,,,,7457972527797791553,SELL,,,,,2021-08-03 01:01:22.750601 UTC
1627942268920654175,7457972527797791553,SELL,229.4,1000,,,,,,,,,,,2021-08-03 01:01:22.750628 UTC
1627942268920654176,,,,,,,,,7457972527797791553,SELL,,,,,2021-08-03 01:01:22.859505 UTC
1627942268920654177,7457972527797791553,SELL,229.41,1000,,,,,,,,,,,2021-08-03 01:01:22.85953 UTC
1627942268920654178,,,,,,,,,7457972527797791553,SELL,,,,,2021-08-03 01:01:22.893817 UTC
1627942268920654179,7457972527797791553,SELL,229.4,1000,,,,,,,,,,,2021-08-03 01:01:22.89385 UTC
1627942268920654180,,,,,,,,,7457972527797801598,BUY,,,,,2021-08-03 01:01:24.911767 UTC
1627942268920654181,,,,,,,,,7457972527797791552,BUY,,,,,2021-08-03 01:01:25.080111 UTC
1627942268920654182,7457972527797791552,BUY,229.21,1000,,,,,,,,,,,2021-08-03 01:01:25.080132 UTC
1627942268920654183,,,,,,,,,7457972527797800910,BUY,,,,,2021-08-03 01:01:25.080234 UTC
1627942268920654184,,,,,,,,,7457972527797800184,BUY,,,,,2021-08-03 01:01:25.080308 UTC
1627942268920654186,,,,,,,,,7457972527797791552,BUY,,,,,2021-08-03 01:01:25.28414 UTC
1627942268920654185,7457972527797802550,BUY,229.2,45,,,,,,,,,,,2021-08-03 01:01:25.180706 UTC
1627942268920654187,7457972527797791552,BUY,229.2,1000,,,,,,,,,,,2021-08-03 01:01:25.284182 UTC
1627942268920654188,,,,,,,,,7457972527797791553,SELL,,,,,2021-08-03 01:01:25.422411 UTC
1627942268920654189,7457972527797791553,SELL,229.39,1000,,,,,,,,,,,2021-08-03 01:01:25.422428 UTC
1627942268920654190,,,,,,,,,7457972527797791553,SELL,,,,,2021-08-03 01:01:30.143166 UTC
1627942268920654191,7457972527797791553,SELL,229.38,1000,,,,,,,,,,,2021-08-03 01:01:30.143185 UTC
1627942268920654193,7457972527797803186,SELL,229.4,300,,,,,,,,,,,2021-08-03 01:01:30.243754 UTC
1627942268920654192,,,,,,,,,7457972527797802036,SELL,,,,,2021-08-03 01:01:30.143304 UTC
1627942268920654194,,,,,,,,,7457972527797791552,BUY,,,,,2021-08-03 01:01:31.515211 UTC
1627942268920654195,7457972527797791552,BUY,229.18,1000,,,,,,,,,,,2021-08-03 01:01:31.51523 UTC
1627942268920654196,,,,,,,,,7457972527797802550,BUY,,,,,2021-08-03 01:01:31.515335 UTC
1627942268920654197,7457972527797803346,BUY,229,300,,,,,,,,,,,2021-08-03 01:01:31.616724 UTC
1627942268920654198,7457972527797803484,BUY,229.2,45,,,,,,,,,,,2021-08-03 01:01:32.746541 UTC
1627942268920654199,,,,,,,,,7457972527797791552,BUY,,,,,2021-08-03 01:01:32.747004 UTC
1627942268920654200,7457972527797791552,BUY,229.2,1000,,,,,,,,,,,2021-08-03 01:01:32.747023 UTC
1627942268920654201,,,,,,,,,7457972527797791552,BUY,,,,,2021-08-03 01:01:32.837957 UTC
1627942268920654203,,,,,,,,,7457972527797803484,BUY,,,,,2021-08-03 01:01:32.838877 UTC
1627942268920654202,7457972527797791552,BUY,229.19,1000,,,,,,,,,,,2021-08-03 01:01:32.837991 UTC
1627942268920654204,,,,,,,,,7457972527797791552,BUY,,,,,2021-08-03 01:01:33.201731 UTC
1627942268920654205,7457972527797791552,BUY,229.18,1000,,,,,,,,,,,2021-08-03 01:01:33.201747 UTC
1627942268920654206,,,,,,,,,7457972527797791553,SELL,,,,,2021-08-03 01:01:33.337133 UTC
1627942268920654207,7457972527797791553,SELL,229.37,1000,,,,,,,,,,,2021-08-03 01:01:33.337153 UTC
1627942268920654208,7457972527797803602,BUY,229.2,45,,,,,,,,,,,2021-08-03 01:01:34.027211 UTC
1627942268920654209,,,,,,,,,7457972527797791552,BUY,,,,,2021-08-03 01:01:34.152042 UTC
1627942268920654210,7457972527797791552,BUY,229.19,1000,,,,,,,,,,,2021-08-03 01:01:34.15207 UTC
1627942268920654211,,,,,,,,,7457972527797791552,BUY,,,,,2021-08-03 01:01:34.2326 UTC
1627942268920654212,7457972527797791552,BUY,229.2,1000,,,,,,,,,,,2021-08-03 01:01:34.232618 UTC
1627942268920654213,,,,,,,,,7457972527797791553,SELL,,,,,2021-08-03 01:01:34.285775 UTC
1627942268920654214,7457972527797791553,SELL,229.38,1000,,,,,,,,,,,2021-08-03 01:01:34.285795 UTC
1627942268920654215,7457972527797803741,BUY,229.2,255,,,,,,,,,,,2021-08-03 01:01:35.471187 UTC
1627942268920654216,,,,,,,,,7457972527797791553,SELL,,,,,2021-08-03 01:01:35.59494 UTC
1627942268920654217,7457972527797791553,SELL,229.39,1000,,,,,,,,,,,2021-08-03 01:01:35.59497 UTC
1627942268920654218,,,,,,,,,7457972527797803186,SELL,,,,,2021-08-03 01:01:35.59507 UTC
1627942268920654219,,,,,,,,,7457972527797791553,SELL,,,,,2021-08-03 01:01:35.635129 UTC
1627942268920654221,7457972527797803764,SELL,229.4,300,,,,,,,,,,,2021-08-03 01:01:35.736278 UTC
1627942268920654220,7457972527797791553,SELL,229.4,1000,,,,,,,,,,,2021-08-03 01:01:35.635146 UTC
1627942268920654223,7457972527797791553,SELL,229.39,1000,,,,,,,,,,,2021-08-03 01:01:36.515286 UTC
1627942268920654222,,,,,,,,,7457972527797791553,SELL,,,,,2021-08-03 01:01:36.515256 UTC
1627942268920654224,,,,,,,,,7457972527797803741,BUY,,,,,2021-08-03 01:01:36.515718 UTC
1627942268920654225,,,,,,,,,7457972527797791552,BUY,,,,,2021-08-03 01:01:36.516851 UTC
1627942268920654226,7457972527797791552,BUY,229.21,1000,,,,,,,,,,,2021-08-03 01:01:36.51687 UTC
1627942268920654227,,,,,,,,,7457972527797791553,SELL,,,,,2021-08-03 01:01:36.642135 UTC
1627942268920654228,7457972527797791553,SELL,229.4,1000,,,,,,,,,,,2021-08-03 01:01:36.642164 UTC
1627942268920654229,,,,,,,,,7457972527797791552,BUY,,,,,2021-08-03 01:01:36.950246 UTC
1627942268920654230,7457972527797791552,BUY,229.2,1000,,,,,,,,,,,2021-08-03 01:01:36.950271 UTC
1627942268920654231,,,,,,,,,7457972527797791553,SELL,,,,,2021-08-03 01:01:37.007904 UTC
1627942268920654232,7457972527797791553,SELL,229.39,1000,,,,,,,,,,,2021-08-03 01:01:37.007933 UTC
1627942268920654233,,,,,,,,,7457972527797803602,BUY,,,,,2021-08-03 01:01:40.509385 UTC
1627942268920654234,,,,,,,,,7457972527797791553,SELL,,,,,2021-08-03 01:01:40.537383 UTC
1627942268920654235,7457972527797791553,SELL,229.4,1000,,,,,,,,,,,2021-08-03 01:01:40.537401 UTC
1627942268920654237,,,,,,,,,7457972527797791553,SELL,,,,,2021-08-03 01:01:41.006986 UTC
1627942268920654236,7457972527797804323,BUY,229.2,45,,,,,,,,,,,2021-08-03 01:01:40.6226 UTC
1627942268920654238,7457972527797791553,SELL,229.38,1000,,,,,,,,,,,2021-08-03 01:01:41.007002 UTC
1627942268920654239,,,,,,,,,7457972527797791552,BUY,,,,,2021-08-03 01:01:41.068919 UTC
1627942268920654240,7457972527797791552,BUY,229.19,1000,,,,,,,,,,,2021-08-03 01:01:41.068935 UTC
1627942268920654241,,,,,,,,,7457972527797804323,BUY,,,,,2021-08-03 01:01:41.069656 UTC
1627942268920654242,7457972527797804500,BUY,229.2,45,,,,,,,,,,,2021-08-03 01:01:41.964507 UTC
1627942268920654243,,,,,,,,,7457972527797791552,BUY,,,,,2021-08-03 01:01:41.965056 UTC
1627942268920654244,7457972527797791552,BUY,229.2,1000,,,,,,,,,,,2021-08-03 01:01:41.965075 UTC
1627942268920654245,,,,,,,,,7457972527797791552,BUY,,,,,2021-08-03 01:01:42.002189 UTC
1627942268920654247,,,,,,,,,7457972527797804500,BUY,,,,,2021-08-03 01:01:42.003119 UTC
1627942268920654246,7457972527797791552,BUY,229.18,1000,,,,,,,,,,,2021-08-03 01:01:42.002208 UTC
1627942268920654249,7457972527797791553,SELL,229.37,1000,,,,,,,,,,,2021-08-03 01:01:42.0058 UTC
1627942268920654248,,,,,,,,,7457972527797791553,SELL,,,,,2021-08-03 01:01:42.005781 UTC
